3242 5184
1239 307 1731 369 —171—

483 554 860 640 flQuedam
900 556 1511 620 constitutiones
1548 555 1770 619 iuxta
1802 552 2147 618 officium
2180 550 2596 633 scriptorie
2626 550 2754 613 lit·
2811 548 3076 604 F01.ssb.

571 669 908 726 terarum
956 662 1562 745 apostolicarum
1609 682 1812 726 more
1859 659 2198 741 antiquo,

390 824 496 888 Ad
574 824 870 887 decorem
948 821 1141 906 officij
1224 823 1562 905 scriptorie
1640 820 2044 887 servandum.
2156 817 2298 900 Ego
2376 817 2763 882 Guillelmus

202 933 522 1013 magister
569 929 889 994 scolarum
937 928 1418 1011 Parmensium,
1469 932 1882 993 sacrosancte
1927 925 2224 990 Romane
2272 924 2542 989 ecclesie
2597 925 2762 988 vice·

202 1037 659 1117 cancellariuS,
716 1036 796 1101 de
850 1036 1159 1101 mandato
1207 1035 1600 1100 sanctissimi
1664 1033 1871 1117 patris
1939 1033 2181 1097 domini
2236 1030 2593 1095 Alexandri
2660 1030 2763 1095 dei

200 1145 425 1228 gratia
471 1144 706 1208 summi
745 1141 1085 1226 pontificis
1143 1142 1315 1207 facto
1373 1142 1568 1206 michi
1616 1141 1879 1206 oraculo
1925 1141 2066 1203 vive
2113 1139 2285 1203 vocis
2333 1159 2559 1203 moneo
2609 1138 2762 1202 scri-

200 1257 430 1334 ptores
479 1272 629 1315 suos
689 1271 909 1315 omnes
965 1249 1327 1315 detinentes
1383 1249 1642 1333 publice
1697 1248 2119 1327 concubinas,
2186 1245 2358 1328 quod
2419 1266 2625 1327 usque
2682 1244 2766 1308 ad

202 1365 354 1424 octo
405 1357 542 1421 dies
591 1377 702 1422 eas
751 1379 790 1421 a
836 1379 905 1421 se
950 1362 1325 1422 removeant
1370 1361 1435 1421 et
1481 1356 1815 1420 dimittant
1858 1375 1978 1418 nec
2026 1375 2136 1418 eas
2185 1352 2284 1417 vel
2324 1352 2486 1416 alias
2529 1350 2765 1415 abinde

198 1470 591 1548 presumant
637 1465 983 1529 admittere
1030 1470 1096 1527 et
1141 1463 1221 1527 de
1265 1463 1389 1543 hoc
1436 1463 1521 1528 ad
1565 1462 1968 1527 voluntatem
2016 1482 2227 1525 meam
2274 1463 2567 1542 prestent
2610 1457 2764 1541 ydo-

196 1593 399 1636 neam
433 1572 827 1651 cautionem3
877 1570 1165 1652 alioquin
1200 1591 1278 1636 ex
1310 1576 1465 1635 tunc
1496 1572 1640 1654 ipso
1672 1569 1845 1633 facto
1894 1568 2283 1633 sententiam
2332 1565 2766 1631 excommuni-

200 1679 486 1744 cationis
532 1679 886 1743 incurrant.

482 1891 595 1956 Ad
641 1891 898 1956 idem.l

392 2035 561 2099 Item
628 2035 976 2117 scriptores
1043 2055 1264 2100 omnes
1320 2033 1647 2117 predictos
1704 2053 1784 2096 ex
1847 2053 2019 2094 nunc
2084 2051 2348 2094 amoveo
2416 2028 2498 2093 ab
2558 2027 2768 2091 officio

201 2164 438 2208 eorum
487 2143 845 2225 scriptorie.
2196 2145 2201 2151 '

488 2354 601 2419 Ad
647 2354 866 2419 idem.

395 2499 562 2563 Item
596 2498 942 2580 scriptores
976 2518 1196 2561 omnes
1236 2502 1454 2578 partes
1501 2495 1887 2576 recipientes
1935 2515 2184 2574 moneo,
2234 2492 2407 2575 quod
2455 2514 2573 2574 per
2617 2492 2768 2555 civi-

202 2614 421 2672 tatem
485 2605 827 2670 honestum
892 2603 1188 2668 habitum
1256 2601 1586 2682 deferant,
1654 2600 1954 2664 videlicet
2018 2622 2215 2682 capas
2293 2599 2604 2663 rotundas
2670 2599 2771 2662 vel

204 2713 526 2779 clamides
573 2712 881 2776 honestas
931 2716 996 2774 et
1044 2714 1255 2773 vestes
1297 2709 1576 2792 desuper
1608 2708 1885 2772 clausas,
1921 2706 2227 2793 Tabarda
2257 2728 2407 2770 vero
2464 2710 2531 2768 et
2574 2727 2770 2787 capas

203 2826 486 2902 rugatas
550 2821 616 2883 in
682 2817 1084 2898 civitatibuS,
1145 2817 1213 2880 in
1261 2815 1496 2898 quibus
1544 2815 1726 2879 curia
1771 2814 2026 2879 Roman
2072 2813 2345 2894 residet,
2405 2811 2773 2875 huiusmodi

204 2926 567 2993 residentie
615 2932 904 3007 tempore
950 2925 1208 3006 penitus
1256 2944 1384 2986 non
1431 2928 1720 2986 utantur.
1815 2920 1904 2985 Et
1950 2921 2060 3004 qui
2110 2919 2583 3001 contrafecerit,
2631 2919 2773 3002 ipso

209 3034 392 3100 facto
441 3034 528 3098 sit
572 3053 925 3116 suspensus
973 3030 1058 3095 ab
1106 3028 1317 3095 officio
1366 3028 1723 3112 scriptorie.

491 3246 607 3312 Ad
653 3246 870 3311 idem.

401 3390 569 3455 Item
627 3389 844 3453 nullus
902 3388 1349 3468 abbreviator,
1413 3389 1524 3469 qui
1580 3387 1666 3450 sit
1721 3387 2029 3468 scriptor,
2095 3389 2314 3451 notam
2371 3386 2435 3448 in
2483 3406 2776 3467 grossam

219 3497 498 3579 redigat,
546 3497 671 3560 nisi
718 3496 777 3560 ei
825 3515 939 3578 per
970 3517 1232 3558 manum
1266 3492 1704 3558 distributoris
1739 3494 1906 3557 sicut
1936 3492 2083 3576 alijs
2117 3493 2541 3575 scriptoribus
2576 3493 2776 3575 assig-

222 3610 445 3684 netur,
503 3609 568 3668 et
632 3603 743 3685 qui
807 3600 1289 3682 contrafecerit,
1348 3622 1427 3666 ex
1482 3607 1637 3665 tunc
1682 3600 1824 3682 ipso
1874 3597 2043 3664 facto
2092 3600 2479 3665 sententiam
2527 3621 2777 3664 excom-

223 3711 680 3778 municationis
725 3714 1037 3791 incurrat,
1085 3707 1391 3774 mandato
1439 3705 1946 3793 vicecancellarij
1999 3728 2254 3791 semper
2301 3706 2497 3772 salve.

498 3979 612 4044 Ad
675 3978 891 4043 idem.
987 3978 1133 4045 Sed
1189 3980 1417 4043 etiam
1462 3977 1601 4042 hec
1649 3977 2110 4043 constitutio
2159 3981 2511 4041 servatur
2555 3975 2781 4041 hodie

585 4092 660 4151 et
703 4087 993 4151 merito.

409 4229 809 4312 ScriptoreS,
867 4229 979 4311 qui
1033 4228 1284 4296 litteras
1342 4229 1519 4292 curie
1574 4248 1705 4293 non
1761 4228 2163 4310 scripserint,
2222 4232 2571 4307 antequam
2619 4225 2780 4290 alias

229 4338 550 4421 recipiant
595 4335 898 4418 scribere,
945 4357 1062 4420 per
1109 4341 1356 4420 septem
1403 4334 1541 4401 dies
1589 4357 1631 4400 a
1677 4334 2013 4417 scriptorie
2051 4332 2262 4400 officio
2301 4333 2431 4397 sint
2462 4334 2779 4416 suspensi.

415 4589 429 4619 ¹
472 4587 608 4642 Hier
644 4589 750 4643 wie
785 4587 877 4643 bei
915 4587 1023 4642 den
1059 4588 1193 4642 zwei
1230 4586 1526 4653 folgenden
1551 4585 1644 4641 Ad
1680 4585 1828 4647 idem
1866 4585 1994 4648 keil)
2026 4584 2249 4650 Absatz.
2305 4582 2414 4647 Die
2437 4569 2785 4649 chrschrift

232 4696 324 4741 am
362 4677 520 4740 Ende
557 4678 655 4738 der
691 4676 1180 4751 vorlici-gelicnden
1217 4677 1364 4740 Zeile
