3242 5184
241 3025 361 3079 Fol.
405 3031 517 3081 10⁸.

1639 289 2064 352 —18—

579 466 915 530 Presbiter
960 465 1307 529 cardinalis
1354 464 1530 528 tituli
1576 465 1787 528 sancti
1830 463 2173 548 Laurencij
2225 466 2290 528 in
2337 464 2643 529 Damaso,

578 573 911 637 Presbiter
956 571 1305 636 cardinalis
1351 571 1529 636 tituli
1575 577 1796 636 sancte
1842 571 2139 636 Balbine.

575 679 909 743 Presbiter
955 677 1303 742 cardinalis
1351 683 1573 742 sancte
1617 678 1826 742 Marie
1872 680 1937 741 in
1985 677 2491 743 Transtiberim1
2539 679 2715 742 tituli
2761 678 3035 743 calixti.

576 785 910 850 Presbiter
956 784 1303 849 cardinalis
1350 784 1526 848 tituli
1574 791 1797 849 sancte
1843 784 2099 849 Cecilie.

575 892 909 956 Presbiter
956 890 1304 955 cardinalis
1351 891 1526 955 tituli
1576 891 1785 955 sancti
1832 890 2202 974 Grisogoni.

572 1069 866 1153 Dyaconi
913 1069 1117 1133 eciam
1166 1069 1385 1133 decem
1435 1074 1500 1133 et
1545 1075 1690 1134 octo
1739 1075 1892 1133 sunt
1936 1069 2195 1150 ibidem,
2246 1074 2312 1133 et
2358 1075 2509 1133 sunt
2555 1070 2674 1152 hij:

836 1300 1082 1365 Tituli
1129 1300 1640 1384 dyaconorum
1687 1299 2218 1364 cardinalium.

568 1426 913 1509 Dyaconus
970 1424 1316 1489 cardinalis
1372 1424 1633 1489 sancte²
1677 1422 1878 1489 Lucie
1935 1425 1999 1488 in
2048 1431 2294 1508 septem
2352 1425 2588 1508 solijs3.

567 1533 913 1616 Dyaconus
960 1531 1307 1596 cardinalis
1355 1538 1577 1595 sancte
1622 1531 1831 1595 Marie
1878 1532 1945 1594 in
1990 1532 2301 1614 Aquir0.4

566 1641 912 1723 Dyaconus
960 1637 1307 1702 cardinalis
1355 1639 1565 1701 sancti
1609 1637 1948 1702 Theodori.

566 1745 912 1829 Dyaconus
960 1744 1307 1808 cardinalis
1357 1751 1579 1808 sancte
1626 1744 1834 1808 Marie
1873 1728 1945 1807 ¹in
1992 1744 2354 1809 Cosmedin.

565 1851 910 1935 Dyaconus
957 1850 1304 1915 cardinalis
1354 1852 1562 1914 sancti
1609 1850 1870 1933 Georgij
1923 1850 2004 1914 ad
2051 1851 2261 1915 velum
2310 1874 2596 1916 aureum.

565 1958 909 2040 Dyaconus
958 1957 1307 2021 cardinalis
1356 1963 1727 2021 sanctorum
1775 1956 2003 2021 Cosme
2051 1964 2116 2021 et
2161 1957 2483 2022 Damiani.

565 2063 911 2147 Dyaconus
961 2063 1308 2127 cardinalis
1358 2070 1578 2128 sancte
1626 2064 1833 2128 Marie
1882 2086 2059 2127 nove.

563 2169 908 2253 Dyaccnus
958 2171 1307 2234 cardinalis
1357 2172 1564 2234 sancti
1610 2170 1905 2234 Adriani.

561 2276 907 2360 Dyaconus
956 2277 1303 2341 cardinalis
1351 2285 1721 2342 sanctorum
1770 2276 1973 2359 Sergij
2028 2285 2092 2341 et
2138 2277 2360 2341 Bachi.

560 2382 908 2465 Dyaconus
957 2383 1305 2447 cardinalis
1353 2390 1575 2447 sancte
1621 2384 1829 2448 Marie
1863 2385 1930 2447 in
1960 2386 2066 2447 via
2096 2383 2250 2448 lata.

559 2487 905 2571 Dyaconus
955 2491 1301 2554 cardinalis
1351 2496 1573 2553 sancte
1609 2490 1817 2554 Marie
1864 2491 1929 2553 in
1976 2491 2248 2573 porticu.

558 2593 904 2678 Dyaccnus
953 2596 1302 2661 cardinalis
1352 2597 1559 2660 sancti
1605 2596 1860 2678 Angeli.

557 2701 901 2784 Dyaconus
950 2702 1297 2767 cardinalis
1346 2704 1554 2766 sancti
1598 2703 1852 2767 Nicolai
1897 2705 1962 2765 in
2012 2725 2268 2789 carcere
2315 2704 2663 2769 Tullian0⁵.

557 2807 904 2890 Dyaconus
951 2808 1301 2873 cardinalis
1350 2817 1572 2873 sancte
1618 2809 1826 2873 Marie
1872 2811 1938 2873 in
1983 2809 2363 2892 Dcmpnica.

558 2913 903 2997 Dyaconus
952 2915 1298 2980 cardinalis
1348 2916 1558 3009 sancti
1603 2914 1964 2999 Eustachij.

555 3020 934 3109 flijaccnus
983 3022 1331 3086 cardinalis
1378 3028 1599 3085 sancte
1647 3021 1848 3086 Lucie
1894 3023 2063 3086 inter
2107 3025 2439 3105 imagineS.

553 3126 899 3210 Dyaconus
948 3128 1296 3192 cardinalis
1345 3129 1552 3192 sancti
1599 3126 1738 3191 Viti
1784 3129 1850 3191 in
1897 3128 2191 3193 Macello,

551 3233 894 3317 Dyaconus
942 3235 1289 3299 cardinalis
1338 3239 1558 3299 sancte
1604 3235 1881 3316 Agathe.

787 3447 1249 3512 Destruccio
1289 3448 1636 3512 civitatis
1659 3448 2118 3513 Penestrine
2152 3471 2235 3513 ac
2268 3450 2570 3515 creacio
2605 3473 2735 3516 seu
2768 3448 3087 3517 erectic⁶

875 3554 1575 3637 CivitatispapaliS.

722 3697 1108 3761 Penestrina
1127 3697 1384 3761 decreto
1406 3696 1648 3760 domini
1667 3696 1871 3761 felicis
1893 3698 2366 3762 recordacionis
2383 3697 2699 3783 Bonifacij
2724 3722 2893 3784 pape
2907 3696 3077 3765 VIII.

545 3804 892 3868 accedente
939 3803 1212 3867 fratrum
1261 3825 1522 3867 suorum
1571 3805 1840 3869 consilio
1888 3805 2103 3869 deleta
2150 3811 2250 3869 est
2296 3812 2359 3868 et
2408 3806 2739 3870 aratrum⁷
2782 3829 2982 3889 passa
3024 3808 3079 3867 et

544 3912 679 3975 sale
729 3911 1066 3991 seminata,
1115 3931 1347 3974 nomen
1396 3911 1599 3973 eciam
1650 3911 1785 3974 eius
1834 3910 2146 3976 abolitum
2196 3919 2260 3976 et
2307 3892 2726 3995 dampnatum
2776 3936 2852 3977 ac
2885 3911 3074 3995 digni-

542 4023 678 4081 tate
726 4018 1074 4099 episcopali
1123 4023 1188 4080 et
1244 4015 1561 4080 cardinali
1623 4017 2096 4100 imperpetuum
2157 4020 2439 4101 privata,
2500 4021 2655 4101 quia
2715 4020 2877 4085 favit
2936 4019 3072 4084 scis-

718 4197 736 4226 ¹
775 4196 864 4250 ibe
889 4195 992 4249 auf
1009 4194 1201 4250 Rasur.
1349 4194 1370 4225 ²
1407 4194 1530 4259 Vcn
1557 4196 1791 4249 anderer
1813 4195 1982 4249 Hand
2018 4196 2513 4267 hineinkorrigiert.
2660 4198 2681 4228 ³
2717 4198 2869 4268 solijs
2893 4199 3071 4252 Zusatz

538 4303 647 4341 von
683 4286 916 4339 anderer
939 4284 1123 4338 Hand.
1259 4283 1281 4314 ⁴
1318 4283 1530 4353 Aquiro
1555 4284 1750 4338 Zusatz
1781 4302 1888 4339 von
1913 4286 2202 4340 derselben
2225 4286 2396 4340 Hand
2421 4289 2524 4342 wic
2550 4289 2606 4339 in
2631 4288 2795 4357 solijs.
2925 4289 2946 4319 ⁵
2966 4285 3068 4339 Das

536 4376 727 4429 zweite
753 4374 772 4425 l
797 4391 906 4428 von
933 4373 1217 4427 derselben
1239 4372 1407 4427 Hand
1431 4375 1534 4428 wie
1559 4379 1720 4427 unter
1746 4373 1766 4403 ³
1792 4375 1904 4427 und
1929 4374 1952 4404 ⁴
1975 4374 2472 4445 hineinkorrigiert.
2565 4376 2587 4406 ⁶
2610 4378 2790 4430 erexio
2815 4376 2974 4430 stand
2993 4373 3065 4424 da.

536 4463 727 4516 Durch
763 4464 1303 4531 daruntergesetztcn
1329 4461 1643 4516 schwarzen
1679 4462 1868 4516 Punkt
1905 4465 1977 4517 ist
2010 4483 2045 4516 x
2080 4464 2294 4535 getilgt.
2355 4463 2614 4518 Dariiber
2650 4467 2752 4518 mit
2786 4464 3065 4521 schwarzer

535 4553 701 4605 Tinte
739 4557 807 4604 ct.
956 4551 977 4584 ⁷
1013 4554 1324 4618 aratariam,
1351 4550 1646 4621 korrigiert
1671 4551 1840 4604 durch
1868 4551 2378 4621 Unterpunktieren
2415 4572 2524 4608 von
2562 4556 2616 4607 ia
2652 4555 2767 4607 und
2805 4552 3062 4608 Dariiber·

533 4640 820 4695 schreiben
857 4642 951 4695 des
992 4660 1040 4693 u.
