3242 5184
120 1277 239 1332 Fol.
279 1278 392 1332 30¹³.

1481 223 1748 284 „56
1844 261 1899 265 m

440 399 673 483 quibus
734 398 1071 465 novalibus
1138 398 1373 481 aliquis
1438 397 1752 462 hactenus
1816 419 1944 463 non
1991 398 2299 482 percepit,
2367 398 2500 463 sive
2566 399 2645 465 de
2703 399 2862 465 ortis
2932 405 3009 464 et

437 506 733 589 virgultis
810 512 875 571 et
948 504 1424 589 piscacionibus
1500 504 1734 569 vestris
1810 504 1911 570 vel
1987 504 2067 569 de
2131 504 2544 570 nutrimentis
2610 506 3006 571 animalium

437 620 816 695 vestrorum,
865 612 1081 676 nullus
1128 633 1168 676 a
1212 611 1397 677 vobis
1444 611 1730 677 decimas
1779 612 2033 695 exigere
2064 611 2166 676 vel
2204 618 2588 695 extorquere
2634 619 3000 697 presumat.

436 720 812 787 Adicientes
872 740 1128 803 quoque
1177 720 1542 800 statuimuS,
1591 724 1667 783 ut
1710 718 1881 783 infra
1926 717 2260 783 dimidiam
2304 719 2563 805 leugam
2609 742 2650 784 a
2695 721 3006 784 terminis

436 829 919 912 possessionum
980 831 1343 892 vestrarum
1421 824 1582 890 nulli
1646 825 1946 908 religioso
2005 825 2204 890 liceat
2266 826 2602 909 quodlibet
2665 826 3007 893 edificium

439 940 812 1000 construere
857 933 958 998 vel
1002 933 1443 1016 possessiones
1491 933 1848 1015 acquirere,
1889 934 2058 997 sicut
2103 932 2314 997 ordini
2359 937 2575 999 vestro
2622 933 2863 999 dicitur
2909 934 3004 999 ab

439 1041 797 1125 apostolica
836 1038 986 1105 sede
1020 1061 1413 1105 concessum.
1508 1038 2041 1105 Consecrationes
2071 1061 2222 1105 vero
2256 1040 2562 1105 altarium
2610 1062 2725 1106 seu
2769 1042 3005 1106 basili-

439 1170 681 1229 carum,
730 1147 1168 1212 ordinationes
1215 1146 1613 1225 clericorum,
1661 1147 1773 1229 qui
1819 1146 1902 1211 ad
1950 1146 2207 1213 ordines
2262 1146 2503 1212 fuerint
2553 1148 3004 1232 promovendi,

440 1256 458 1345 Η
513 1278 553 1320 a
618 1254 977 1338 dyocesano
1042 1253 1412 1336 suscipiatis
1478 1254 1799 1336 episcopo,
1867 1253 2184 1336 siquidem
2250 1253 2606 1319 catholicus
2667 1254 2866 1320 fuerit
2935 1261 3007 1321 et

437 1361 763 1445 graciam1
810 1366 1007 1444 atque
1040 1361 1553 1426 communionem
1600 1359 1954 1442 apostolice
2012 1359 2182 1424 sedis
2227 1360 2531 1425 habuerit
2576 1367 2644 1426 et
2689 1382 2766 1426 ea
2810 1364 3005 1428 vobis

438 1470 641 1552 gratis
691 1472 756 1532 et
801 1467 1046 1551 absque
1091 1468 1414 1549 pravitate
1446 1467 1668 1549 aliqua
1712 1466 1988 1532 voluerit
2030 1466 2351 1532 exhibere.
2444 1467 2754 1551 Alioquin
2799 1469 3008 1535 liceat

438 1575 649 1656 vobiS,
718 1595 1162 1658 quemcunque
1227 1574 1618 1656 malueritiS,
1677 1572 2065 1638 catholicum
2120 1572 2300 1639 adire
2365 1576 2755 1658 antistitem,
2823 1599 3003 1642 com-

440 1682 808 1748 munionem
855 1685 921 1745 et
956 1682 1243 1763 graciam
1274 1681 1628 1765 apostolice
1661 1679 1831 1745 sedis
1861 1677 2229 1763 habentem,
2280 1682 2389 1763 qui
2419 1682 2726 1746 nimirum
2771 1689 3005 1748 nostra

439 1789 640 1854 fultus
697 1789 1085 1853 auctoritate
1139 1788 1343 1871 vobis,
1411 1787 1583 1872 quod
1630 1787 2019 1872 postulatur,
2076 1786 2428 1870 impendat.
2520 1782 2799 1873 Insuper
2845 1812 3004 1855 auc-

440 1897 707 1962 toritate
763 1895 1121 1979 apostolica
1165 1895 1549 1977 inhibemUS,
1607 1915 1689 1959 ne
1743 1893 1912 1958 ullus
1969 1894 2307 1976 episcopus
2365 1894 2465 1960 vel
2521 1895 2654 1961 alia
2710 1896 3009 1979 quelibet

442 2024 719 2087 persona
774 2001 857 2067 ad
915 2000 1191 2085 synodos
1245 2002 1347 2067 vel
1402 2007 1755 2066 conventus
1812 1999 2099 2065 forenses
2157 2023 2269 2066 vos
2324 2003 2418 2066 ire
2475 2003 2575 2067 vel
2620 2002 2854 2069 iuditio
2904 2026 3006 2069 se-

442 2109 646 2174 culari
712 2108 791 2173 de
858 2109 1123 2193 propria
1188 2109 1564 2174 substancia
1627 2108 1728 2171 vel
1791 2107 2308 2192 possessionibus
2373 2109 2606 2173 vestris
2663 2110 3007 2177 subiacere

443 2216 789 2300 compellat
841 2236 960 2279 nec
1016 2214 1099 2280 ad
1149 2215 1409 2280 domum
1453 2221 1739 2279 vestram
1793 2236 1924 2279 non
1968 2219 2235 2280 vocatus
2283 2237 2481 2281 causa
2528 2216 2786 2282 ordines
2834 2218 3005 2284 cele-

440 2322 694 2405 brandi,
752 2343 981 2388 causas
1035 2321 1362 2387 tractandi
1415 2321 1518 2386 vel
1563 2326 1913 2386 conventus
1960 2320 2215 2405 aliquos
2261 2322 2553 2406 publicos
2601 2325 3006 2390 convocandi

440 2431 657 2495 venire
710 2434 1047 2512 presumat
1102 2450 1220 2493 nec
1274 2427 1640 2510 regularem
1701 2428 2081 2493 electionem
2141 2429 2374 2513 prioris
2430 2431 2629 2495 vestri
2682 2431 3006 2515 impediat

443 2542 558 2603 aut
604 2535 684 2600 de
720 2534 1116 2600 instituendo
1163 2534 1266 2600 vel
1310 2534 1698 2601 removendo
1746 2555 1842 2617 ec,
1892 2535 2004 2617 qui
2033 2557 2151 2619 pro
2184 2541 2474 2620 tempore
2505 2536 2721 2619 fuerit,
2772 2543 3007 2603 contra

443 2648 692 2709 statuta
738 2642 1169 2708 Oartusiensis
1236 2640 1479 2707 ordinis
1546 2662 1614 2706 se
1680 2641 2091 2724 aliquatenus
2155 2643 2568 2709 intromittat.
2674 2643 2879 2710 Porro
2951 2646 3007 2709 si

443 2750 729 2834 episcopi
773 2749 875 2814 vel
923 2747 1030 2831 alij
1081 2747 1501 2812 ecclesiarum
1544 2753 1830 2814 rectores
1875 2749 1945 2812 in
1992 2749 2331 2813 ecclesiam
2376 2756 2659 2815 vestram
2704 2751 2805 2815 vel
2852 2773 3002 2835 per-

444 2880 635 2924 sonas
699 2856 862 2922 inibi
926 2854 1314 2920 constitutas
1380 2855 1842 2937 suspensioniS,
1911 2846 2592 2922 excommunicationis
2646 2858 2747 2922 vel
2800 2858 3003 2923 inter-

444 2965 599 3029 dicti
657 2962 1045 3028 sententiam
1100 2961 1651 3045 promulgaverint
1705 2962 1837 3026 sive
1895 2962 2093 3027 etiam
2138 2963 2207 3025 in
2264 2965 2694 3030 mercenarios
2751 2971 3005 3031 vestros

443 3094 560 3155 pro
607 3092 704 3152 ec,
754 3069 945 3153 quod,
995 3069 1162 3133 sicut
1208 3068 1450 3132 dictum
1497 3073 1615 3150 est,
1657 3068 1938 3132 decimas
1984 3090 2114 3133 non
2162 3069 2429 3152 solvitiS,
2479 3070 2580 3135 vel
2626 3070 2847 3154 aliqua
2894 3094 3002 3137 oc-

444 3179 702 3243 casione
751 3199 991 3257 eorum,
1041 3196 1166 3258 que
1213 3175 1295 3240 ab
1344 3175 1699 3258 apostolica
1736 3175 1918 3241 vobis
1948 3174 2348 3259 benignitate
2380 3176 2634 3241 indulta
2666 3184 2836 3260 sunt,
2886 3200 3005 3243 seu

444 3283 889 3350 benefactores
946 3288 1193 3348 vestros
1255 3305 1373 3365 pro
1434 3303 1538 3364 eo,
1588 3281 1762 3365 quod
1809 3281 2030 3364 aliqua
2075 3282 2258 3347 vobis
2305 3282 2622 3348 beneficia
2666 3285 2767 3348 vel
2814 3285 3000 3350 obse-

445 3392 600 3474 quia
655 3412 733 3455 ex
789 3390 1062 3454 caritate
1114 3389 1521 3472 prostiterint
1564 3388 1667 3453 vel
1714 3388 1797 3453 ad
1842 3388 2270 3454 laborandum
2318 3389 2683 3455 adiuverint
2702 3391 2727 3428 2
2770 3392 2838 3455 in
2868 3391 3001 3455 illis

446 3498 694 3579 diebus,
743 3497 810 3560 in
858 3495 1091 3580 quibus
1138 3519 1249 3562 vos
1296 3496 1612 3561 laboratis
1663 3501 1727 3560 et
1764 3496 1871 3580 alij
1924 3494 2257 3578 feriantur,
2308 3495 2578 3560 eandem
2611 3499 3000 3563 sententiam

444 3604 849 3687 protulerint,
897 3603 1106 3685 ipsam
1153 3606 1484 3685 tamquam
1532 3607 1759 3667 contra
1806 3602 1977 3666 sedis
2010 3602 2361 3685 apostolice
2391 3601 2646 3669 indulta
2673 3604 3000 3687 prolatam

447 3711 852 3775 decernimus
900 3708 1303 3774 irritandam.
1398 3710 1457 3773 N
1460 3730 1532 3773 ec
1578 3708 1795 3773 littere
1842 3709 1973 3774 ulle
2020 3708 2395 3773 firmitatem
2440 3710 2767 3793 habeant,
2836 3734 2998 3794 quas

445 3818 647 3882 tacito
694 3818 950 3881 nomine
1000 3815 1432 3880 Cartusiensis
1480 3815 1724 3881 ordinis
1773 3821 1840 3880 et
1885 3820 2111 3880 contra
2157 3821 2447 3880 tenorem
2495 3817 2998 3900 apostolicorum

444 3924 924 4008 privilegiorum
989 3908 1355 3988 constiterit
1415 3923 1771 4006 impetrari.
1882 3921 2241 3987 Statuimus
2308 3924 2531 4006 etiam,
2598 3929 2673 3987 ut
2732 3930 2999 4008 propter

446 4032 812 4096 communia
857 4030 1207 4095 interdicta
1270 4035 1594 4094 terrarum
1660 4029 1933 4094 ecclesia
1995 4033 2232 4112 vestra,
2299 4032 2868 4096 excommunicatis
2935 4039 2999 4097 et

444 4138 805 4203 interdictis
838 4137 1135 4218 exclusiS,
1177 4160 1217 4201 a
1259 4136 1490 4200 divinis
1522 4157 1653 4201 non
1685 4141 1953 4219 cogatur
1991 4135 2220 4221 officijs
2260 4136 2606 4203 abstinere.
2702 4137 2997 4204 Obeunte

624 4406 643 4437 ¹
681 4405 755 4458 Es
782 4406 945 4459 stand
980 4405 1213 4475 gloriam
1250 4406 1337 4459 da.
1400 4404 1673 4460 Dasselbe
1707 4409 1795 4459 rot
1830 4404 2312 4476 durchgestrichen
2349 4406 2466 4459 und
2499 4408 2744 4476 graciam
2781 4412 2868 4461 rot
2904 4407 2993 4461 da-

445 4495 611 4550 riiber
644 4493 1016 4571 gescbrieben.
1180 4494 1202 4525 ²
1238 4495 1626 4550 adinvenerint
1659 4494 1821 4548 stand
1858 4494 1945 4549 da.
2018 4512 2089 4549 ne
2124 4493 2365 4551 schwarz
2400 4495 2848 4566 unterpunktiert
2883 4496 2994 4550 und

447 4589 531 4639 rot
569 4583 1069 4655 durchgestrichen.
