3242 5184
1314 254 1741 315 *71*

239 447 501 509 manne,
560 426 789 492 domus
835 426 1139 492 iamdicte
1194 428 1522 510 magister,
1569 427 1673 491 vel
1716 433 1976 493 tuorum
2024 426 2314 510 quolibet
2362 448 2801 492 successorum

242 533 465 598 nullus
513 533 805 598 eiusdem
850 533 1076 598 domus
1124 533 1436 599 fratribus
1467 540 1864 617 preponatur
1900 535 2026 598 nisi
2061 533 2360 598 militaris
2399 538 2465 597 et
2499 532 2804 616 religiosa

241 661 545 725 persona,
612 661 739 723 que
800 645 1083 705 vestram
1145 640 1524 723 religionem
1588 646 1656 706 et
1715 641 2012 706 habitum
2068 641 2154 704 sit
2206 639 2499 724 professa
2552 661 2671 705 nec
2717 641 2815 706 ab‘

245 748 395 832 alijs
442 747 570 811 nisi
616 745 699 812 ab
749 748 1045 813 omnibus
1091 746 1403 812 fratribus
1449 747 1712 811 insimul
1764 748 1867 812 vel
1922 770 1962 812 a
2015 748 2249 812 maiori
2295 752 2362 812 et
2407 747 2649 812 saniori
2696 768 2798 812 00-

245 877 392 920 111111
429 859 637 938 parte,
672 855 784 936 qui
814 853 1265 938 preponendus
1299 853 1513 936 fuerit,
1547 854 1844 936 eligatur.
1923 854 2127 920 Porro
2166 854 2327 919 nulli
2364 854 2801 920 ecclesiastice

246 961 602 1027 secularive
662 982 935 1045 persone
989 960 1337 1043 infringere
1391 959 1493 1025 vel
1546 963 1837 1026 minuere
1891 961 2089 1029 liceat
2156 960 2652 1027 consuetudines
2718 961 2801 1026 ad

242 1074 461 1134 vestre
497 1069 827 1151 religionis
874 1074 941 1133 et
977 1067 1169 1151 officij
1211 1068 1691 1133 observantiam
1737 1089 1777 1131 a
1822 1069 2133 1151 magistro
2181 1074 2248 1132 et
2286 1067 2597 1132 fratribus
2630 1067 2801 1132 salu-

244 1176 454 1241 briter
511 1176 847 1240 institutas
912 1174 1299 1257 easdemque
1355 1174 1853 1240 consuetudines
1913 1196 1953 1238 a
2007 1175 2188 1240 vobis
2245 1175 2582 1257 aliquanto
2639 1179 2799 1239 tem-

243 1305 406 1368 pore
463 1282 839 1348 observatas
896 1287 963 1345 et
1018 1282 1258 1365 scripto
1311 1280 1603 1346 firmatas
1668 1282 1793 1345 nisi
1849 1281 1932 1346 ab
1990 1302 2094 1363 eo,
2159 1282 2270 1364 qui
2328 1281 2641 1365 magister
2696 1303 2801 1346 ex-

244 1390 477 1471 titerit,
524 1389 975 1454 consenciente
1022 1395 1241 1454 tamen
1289 1389 1532 1452 saniori
1578 1393 1767 1472 parte
1815 1388 2112 1471 capituli,
2159 1410 2291 1453 non
2335 1388 2532 1453 liceat
2574 1389 2802 1454 immu-

240 1498 394 1562 tari.
444 1496 461 1583 j}
505 1495 933 1561 Prohibemus
979 1496 1245 1579 insuper
1291 1501 1357 1560 et
1402 1494 1785 1560 omnimodis
1832 1495 2314 1577 111101(1101111118,
2379 1517 2461 1561 110
2515 1495 2652 1560 ulla
2698 1516 2798 1560 ec·
2837 1505 2954 1559 Fol.
2995 1512 3007 1556 t
3105 1547 3117 1559 .

242 1604 612 1669 clesiastica
696 1601 1083 1667 secularisve
1156 1624 1435 1686 persona
1508 1623 1547 1666 a
1620 1603 1932 1684 magistro
2007 1607 2074 1666 et
2135 1601 2449 1667 fratribus
2514 1601 2801 1667 eiusdem

243 1712 477 1777 domus
522 1710 780 1793 exigere
827 1709 1068 1774 audeat
1096 1709 1467 1791 fidelitates,
1517 1709 1825 1790 hominia,
1872 1709 2237 1773 iuramenta
2269 1730 2383 1774 8011
2421 1710 2802 1774 securitates

241 1818 554 1899 reliquas,
604 1837 729 1900 que
762 1838 804 1881 a
840 1816 1243 1882 secularibus
1281 1816 1798 1899 frequentantur.
1873 1816 2221 1881 Fratribus
2267 1837 2525 1899 quoque
2569 1817 2803 1882 vestris

242 1929 398 2008 post
442 1922 684 1988 factam
729 1924 798 1986 in
844 1923 1034 1989 domo
1080 1930 1297 1989 vestra
1343 1922 1809 2007 professionem
1864 1928 1931 1987 et
1981 1922 2279 1989 habitum
2324 1923 2653 2005 religionis
2701 1945 2803 1987 as-

243 2036 576 2113 sumptum
639 2031 1005 2095 revertendi
1068 2030 1153 2095 ad
1214 2029 1502 2095 seculum
1567 2051 1823 2095 omnem
1892 2029 2339 2094 interdicimus
2404 2028 2802 2111 facultatem,

242 2158 367 2202 nec
413 2137 607 2201 alicui
654 2158 877 2202 eorum
924 2135 1023 2202 fas
1071 2138 1156 2202 sit
1201 2142 1351 2221 post
1393 2136 1635 2201 factam
1681 2135 2146 2219 professionem
2202 2141 2268 2200 et
2313 2135 2511 2202 semel
2557 2157 2804 2200 assum-

242 2250 428 2328 ptam
460 2264 715 2308 crucem
750 2243 1047 2308 habitum
1078 2249 1291 2308 vestre
1326 2242 1745 2326 professionis
1784 2244 2041 2308 abicere
2076 2244 2179 2307 vel
2216 2242 2301 2308 ad
2338 2242 2539 2308 alium
2568 2242 2802 2323 locum,

243 2351 512 2416 maioris
545 2351 680 2415 sive
734 2350 1000 2415 minoris
1054 2350 1384 2433 religionis
1442 2350 1732 2431 obtentu,
1780 2351 2000 2415 invitis
2057 2350 2190 2414 sive
2248 2349 2628 2414 inconsultis
2677 2348 2802 2413 fra-

242 2457 456 2522 tribus
505 2464 620 2521 aut
665 2477 769 2538 eo,
820 2457 931 2539 qui
977 2457 1288 2539 magister
1352 2458 1666 2537 extiterit,
1727 2457 2217 2538 transmigrare,
2266 2456 2555 2538 nullique
2603 2456 2802 2522 eccle-

245 2565 510 2629 siastice
557 2563 912 2629 secularive
959 2584 1232 2646 persone
1277 2564 1453 2646 ipsos
1511 2565 1838 2647 suscipere
1894 2562 2089 2628 liceat
2142 2563 2243 2627 vel
2297 2569 2536 2628 tenere.
2632 2561 2802 2628 Sane

243 2671 544 2737 laborum
599 2676 991 2752 vestrorum,
1050 2692 1212 2753 quos
1275 2673 1553 2756 proprijs
1620 2670 1919 2735 manibus
1979 2679 2094 2734 aut
2146 2670 2513 2755 sumptibus
2570 2670 2803 2750 colitis,

244 2778 329 2844 de
373 2776 893 2861 possessionibus
939 2777 1180 2842 habitis
1229 2783 1380 2842 ante
1428 2778 1768 2843 consilium
1804 2777 2107 2860 generale
2154 2797 2270 2841 seu
2317 2776 2396 2842 de
2442 2782 2803 2841 vestrorum

244 2884 629 2949 animalium
684 2884 1097 2949 nutrimentis
1162 2885 1377 2949 nullus
1435 2906 1475 2949 a
1532 2884 1714 2949 vobis
1775 2884 2058 2948 decimas
2114 2884 2370 2967 exigere
2425 2885 2527 2949 vel
2591 2889 2801 2949 extor-

244 3011 447 3074 quere
492 2996 844 3073 presumat.
923 2990 1030 3054 Ad
1060 2990 1179 3056 hec
1216 2991 1521 3072 decimas,
1552 3013 1717 3074 quas
1757 2991 2026 3056 consilio
2064 2996 2130 3057 et
2168 3012 2438 3056 assensu
2475 2991 2804 3074 episcopo·

241 3121 389 3162 rum
437 3098 518 3162 de
562 3118 761 3162 manu
807 3097 1186 3163 clericorum
1229 3097 1331 3162 vel
1375 3098 1709 3180 laycorum
1745 3097 1986 3163 habere
2032 3098 2328 3181 poteritis
2367 3119 2609 3180 quasve
2656 3119 2804 3163 con·-

243 3203 687 3269 sencientibus
735 3204 1053 3288 episcopis
1101 3211 1167 3270 et
1212 3226 1435 3269 eorum
1473 3205 1725 3269 clericis
1764 3205 2136 3287 acquiretiS‚
2185 3206 2574 3271 auctoritate
2618 3204 2802 3270 vobis

244 3311 607 3395 apostolica
671 3310 1143 3376 confirmamus.
1264 3311 1357 3377 Ut
1429 3317 1648 3376 autem
1720 3310 1903 3376 vobis
1979 3311 2062 3376 ad
2138 3333 2361 3376 curam
2442 3311 2805 3376 animarum

242 3423 611 3484 vestrarum
657 3422 725 3482 et
770 3417 999 3482 salutis
1045 3418 1515 3501 plenitudinem
1560 3418 1759 3481 nichil
1808 3418 1977 3482 desit
2013 3423 2210 3500 atque
2250 3422 2658 3483 sacramenta
2705 3439 2804 3482 ec-

244 3524 615 3589 clesiastica
661 3530 728 3588 et
772 3524 993 3589 divina
1038 3523 1254 3590 officia
1299 3529 1514 3589 vestro
1561 3546 1747 3590 sacro
1786 3524 2055 3607 collegio
2104 3524 2501 3590 commodius
2547 3525 2808 3590 valeant

242 3630 556 3712 exhiberi,
609 3631 961 3710 sancimus,
1015 3637 1091 3695 ut
1142 3631 1340 3696 liceat
1398 3630 1579 3695 vobis
1636 3631 1941 3697 honestos
1998 3631 2265 3696 clericos
2324 3637 2391 3695 et
2436 3631 2805 3698 sacerdotes

243 3737 600 3803 secundum
640 3737 851 3820 deum,
885 3744 1201 3821 quantum
1240 3737 1323 3802 ad
1360 3743 1644 3802 vestram
1685 3739 2023 3803 scientiam
2061 3738 2414 3820 ordinatos,
2454 3737 2802 3804 undecum-

242 3865 372 3928 que
428 3844 513 3908 ad
561 3867 671 3910 vos
730 3845 1060 3910 venientes
1120 3846 1448 3928 suscipere
1503 3850 1569 3909 et
1626 3850 1761 3909 tam
1814 3845 1881 3909 in
1937 3845 2282 3929 principali
2341 3844 2530 3911 domo
2583 3852 2802 3911 vestra

242 3973 443 4034 quam
500 3952 701 4016 etiam
755 3952 822 4014 in
881 3951 1267 4035 obedientijs
1325 3958 1392 4017 et
1444 3951 1604 4017 10018
1662 3951 1787 4016 sibi
1835 3951 2110 4017 subditis
2158 3952 2492 4017 vobiscum
2538 3952 2798 4034 habere,

242 4057 593 4124 dummodo
640 4059 696 4123 si
729 4080 764 4123 e
809 4058 1018 4124 vicino
1068 4060 1217 4141 sint,
1268 4080 1377 4125 eos
1425 4081 1465 4124 a
1509 4058 1789 4142 propriis
1829 4059 2148 4142 episcopis
2188 4059 2528 4143 expetatiS‚
2575 4058 2801 4141 ijdem-

240 4186 368 4248 que
416 4165 578 4228 nulli
625 4165 734 4249 alij
775 4164 1162 4248 professioni
1207 4164 1310 4230 vel
1357 4165 1567 4232 ordini
1613 4166 1872 4248 obnoxij
1923 4170 2285 4230 teneantur.
2367 4163 2614 4247 Quodsi
2662 4167 2793 4249 epi-

243 4272 423 4355 scopi
474 4293 582 4337 008
628 4271 812 4338 vobis
860 4272 1211 4338 concedere
1256 4272 1424 4338 forte
1469 4272 1823 4354 noluerint,
1883 4272 2334 4337 nichilominus
2397 4278 2616 4336 tamen
2664 4292 2802 4338 008-

243 4379 392 4444 (10111
440 4379 834 4462 suscipiendi
880 4385 946 4443 et
990 4379 1313 4449 retinendi
1359 4379 1750 4444 auctoritate
1806 4385 2030 4443 sancte
2076 4379 2368 4444 Romane
2416 4378 2686 4443 ecclesie
2731 4379 2804 4443 li-

242 4486 527 4550 centiam
573 4484 892 4551 habeatis.
988 4485 1056 4552 Si
1101 4508 1252 4551 vero
1300 4487 1502 4568 aliqui
1549 4485 1780 4551 horum
1826 4492 1976 4569 post
2039 4485 2281 4550 factam
2338 4484 2798 4569 professionem

239 4593 616 4659 turbatores
682 4600 893 4660 vestre
958 4593 1287 4679 religionis
1365 4599 1480 4660 aut
1551 4593 1779 4659 domus
1852 4592 2094 4658 fuerint
2165 4592 2461 4659 fortassis
2537 4593 2802 4678 inventi,
