3242 5184
1337 271 1762 331 ,69-

262 464 385 508 1180
424 443 621 508 alicui
661 464 883 509 eorum
922 443 1021 508 fas
1070 444 1156 508 sit
1192 449 1341 526 post
1379 443 1620 508 factam
1660 443 2144 528 professionem,
2192 445 2389 509 semel
2421 450 2822 529 assumptam

263 571 522 619 crucem
570 550 958 616 dominicam
990 557 1056 615 et
1099 550 1397 615 habitum
1434 556 1646 616 vestre
1691 551 2020 633 religionis
2069 550 2325 616 abicere
2355 552 2457 615 vel
2489 551 2572 616 ad
2622 550 2823 616 alium

261 658 479 723 locum
510 679 625 723 seu
659 659 856 722 etiam
886 658 1371 740 monasterium,
1405 658 1670 722 maioris
1704 658 1836 722 sive
1868 658 2134 722 minoris
2165 658 2495 742 religionis
2529 658 2819 740 obtentu,

265 765 486 829 invitis
536 766 672 830 sive
717 765 1099 830 inconsultis
1136 755 1448 830 fratribus
1483 771 1598 829 aut
1630 786 1724 847 eo,
1773 765 1884 847 qui
1916 766 2226 847 magister
2257 766 2562 847 extiterit,
2610 771 2820 829 trans-

263 873 542 955 migrare
565 923 581 955 ,
657 871 948 953 nullique
1022 872 1457 936 ecclesiastice
1534 872 1890 938 secularive
1963 894 2238 956 persone
2313 872 2459 937 illos
2532 873 2820 955 recipere

261 981 463 1045 liceat
523 979 627 1044 vel
689 984 931 1045 tenere.
1025 977 1476 1053 Prohibemus
1520 985 1738 1044 autem
1796 984 1862 1044 et
1916 980 2298 1044 omnimodis
2355 977 2817 1059 interdicimus,

261 1108 347 1151 ne
395 1109 435 1152 a
493 1092 597 1169 te,
654 1084 749 1150 fili
812 1086 1153 1168 magister,
1220 1086 1322 1150 vel
1378 1086 1860 1152 successoribus
1916 1087 2046 1151 tuis
2103 1092 2168 1150 et
2220 1085 2531 1151 fratribus
2593 1086 2819 1152 domus

262 1195 554 1260 eiusdem
599 1192 736 1258 ulla
781 1193 1221 1259 ecclesiastica
1268 1193 1654 1258 secularisve
1699 1214 1977 1276 persona
2023 1194 2276 1275 exigere
2325 1194 2563 1259 audeat
2614 1192 2818 1258 fideli-

261 1306 457 1383 tateS,
503 1300 805 1383 homagia
820 1300 861 1381 ¹,
907 1301 1274 1364 iuramenta
1319 1300 1421 1365 vel
1467 1301 1851 1364 securitates
1897 1301 2213 1382 reliquaS,
2261 1300 2278 1388 Η
2326 1322 2450 1383 que
2516 1323 2555 1365 a
2618 1300 2818 1384 laycis
2859 1308 2976 1364 Fol.
3017 1308 3135 1362 37¹³.

260 1407 780 1490 frequentantur.
871 1406 1403 1473 Consecrationes
1450 1429 1598 1471 vero
1649 1406 1953 1470 altarium
2001 1428 2116 1471 seu
2161 1407 2599 1490 basilicarum,
2649 1407 2817 1472 ordi-

260 1517 560 1580 nationes
610 1513 1027 1596 clericorum,
1076 1515 1187 1596 qui
1226 1513 1311 1578 ad
1366 1514 1624 1580 ordines
1681 1512 1923 1578 fuerint
1976 1515 2431 1596 promovendi,
2482 1520 2549 1580 et
2601 1520 2817 1579 cetera

261 1622 710 1687 ecclesiastica
757 1627 1164 1687 sacramenta
1211 1644 1250 1686 a
1298 1621 1659 1704 dyocesano
1707 1621 2076 1705 suscipiatis
2125 1622 2447 1705 episcop0‚
2498 1622 2818 1704 siquidem

263 1729 623 1795 catholicus
679 1728 877 1794 fuerit
932 1734 998 1793 et
1050 1729 1337 1811 graciam
1395 1733 1590 1810 atque
1657 1729 2171 1794 communionem
2237 1730 2589 1812 apostolice
2645 1729 2815 1794 sedis

261 1835 570 1901 habuerit
618 1841 684 1900 et
737 1857 816 1900 ea
867 1836 1070 1918 gratis
1117 1841 1182 1900 et
1229 1835 1475 1917 absque
1522 1836 1844 1919 pravitate
1892 1835 2113 1918 aliqua
2156 1836 2340 1901 vobis
2385 1835 2664 1902 voluerit
2709 1857 2815 1901 ex-

262 1943 509 2007 hibere.
604 1943 915 2025 Alioquin
959 1942 1157 2007 liceat
1200 1943 1382 2008 vobis
1431 1942 1857 2024 catholicum,
1916 1963 2387 2025 quemcumque
2432 1942 2813 2025 malueritiS,

263 2050 447 2115 adire
494 2050 872 2131 antistitem,
924 2051 1035 2131 qui
1068 2049 1456 2114 auctoritate
1487 2054 1713 2114 nostra
1745 2048 2046 2114 suffultus
2083 2049 2420 2131 indulgeat
2464 2051 2812 2133 postulata.

264 2157 565 2223 Obeunte
601 2178 753 2221 vero
785 2162 869 2238 te,
916 2178 1087 2220 nunc
1120 2156 1408 2220 eiusdem
1439 2156 1564 2220 loci
1594 2156 1924 2239 provisore
1957 2162 2155 2238 atque
2199 2157 2550 2240 preposito,
2597 2157 2813 2221 nullus

259 2265 358 2329 ibi
404 2264 696 2346 qualibet
733 2264 1156 2346 surreptionis
1190 2264 1443 2327 astucia
1475 2284 1588 2326 seu
1619 2262 1934 2327 violentia
1964 2269 2380 2346 preponatur,
2413 2264 2577 2327 111812
2623 2284 2813 2346 quem

260 2371 499 2436 fratres
535 2371 889 2436 secundum
921 2370 1112 2436 deum
1146 2370 1447 2434 duxerint
1478 2369 1864 2452 eligendum.
1942 2369 2253 2436 Preterea
2282 2371 2558 2436 honores
2591 2392 2812 2436 omnes

263 2499 384 2542 seu
428 2477 910 2561 possessiones,
978 2498 1140 2559 quas
1196 2476 1367 2541 idem
1414 2476 1883 2541 xenodochium
1928 2476 2104 2541 ultra
2150 2499 2265 2542 seu
2313 2479 2478 2542 citra
2521 2499 2701 2542 mare
2745 2478 2813 2541 in

259 2585 444 2667 Asya
491 2605 606 2649 seu
648 2583 914 2666 Europa
962 2585 1511 2667 inpresenciarum
1561 2583 1731 2648 iuste
1777 2582 1979 2649 habet
2021 2584 2123 2648 vel
2169 2586 2234 2648 in
2281 2584 2571 2649 futurum
2614 2585 2812 2649 ratio-

259 2691 590 2756 nabilibus
621 2691 851 2772 modiS,
888 2691 1006 2756 deo
1039 2691 1339 2774 propitio,
1374 2691 1614 2774 poterit
1645 2690 1937 2774 adipisci,
1985 2714 2102 2775 pro
2132 2691 2315 2756 vobis
2347 2691 2812 2775 hospitalitatis

259 2798 477 2864 studio
541 2796 969 2862 innitentibus
1028 2803 1093 2862 et
1146 2819 1263 2881 per
1318 2819 1431 2862 vos
1485 2798 1616 2860 iam
1673 2796 1844 2862 dicto
1890 2797 2285 2864 xenodochio
2335 2798 2808 2864 confirmamus,

257 2904 438 2970 Nulli
496 2926 645 2987 ergo
702 2909 822 2968 etc.
917 2902 1111 2970 Salva
1167 2904 1338 2969 sedis
1397 2904 1751 2987 apostolice
1807 2906 2194 2970 auctoritate
2250 2911 2315 2971 et
2369 2906 2438 2970 in
2500 2906 2811 2989 predictis

258 3013 561 3078 omnibus
610 3011 1050 3076 declaratione
1095 3011 1345 3094 concilij
1397 3012 1737 3092 generalis.
1815 3011 1883 3077 Si
1930 3034 2060 3094 qua
2103 3013 2302 3096 igitur
2348 3018 2468 3078 etc.
2544 3014 2806 3078 Datum.

527 3242 996 3323 Hermanno,
1031 3244 1402 3324 magistro
1449 3241 1817 3325 religiose
1849 3241 2378 3308 fraternitatis
2416 3243 2434 3332 Η
2468 3243 2810 3327 hospita-

615 3349 711 3413 lis
793 3354 1058 3413 sancte
1130 3349 1373 3414 Marie
1431 3348 2091 3443 ⁶'I'heotonicorum
2163 3348 2809 3431 Ierosolimitani,

616 3455 937 3537 eiusque
984 3454 1001 3545 Η
1047 3454 1431 3520 fratribus
1487 3461 1640 3520 tam
1694 3456 2193 3538 presentibus
2252 3479 2473 3540 quam
2527 3457 2810 3522 futuris

617 3561 1191 3646 imperpetum3.

438 3686 625 3752 Etsi4
677 3708 888 3770 neque
944 3687 1056 3769 qui
1112 3688 1368 3770 plantat
1422 3707 1633 3770 neque
1691 3687 1802 3768 qui
1856 3688 2027 3769 rigat
2072 3687 2159 3751 sit
2204 3687 2478 3770 aliquid,
2540 3688 2654 3752 sed
2701 3689 2813 3771 qui

255 3795 729 3859 incrementum
778 3794 926 3877 dat,
977 3794 1173 3875 deus,
1228 3793 1514 3858 humana
1559 3798 1778 3858 tamen
1827 3793 2162 3877 diligentia
2206 3795 2613 3878 impensioris
2661 3817 2812 3861 cure

256 3899 735 3966 solicitudinem
799 3899 995 3965 debet
1055 3900 1427 3983 impendere
1492 3900 1667 3964 circa
1728 3901 2026 3984 plantas,
2101 3923 2225 3984 que
2291 3901 2501 3966 adhuc
2563 3901 2812 3968 novelle

255 4006 508 4072 fructus
551 4006 784 4071 uberes
817 4005 1098 4071 offerunt
1134 4012 1201 4071 et
1230 4006 1563 4073 uberiores
1597 4029 1714 4073 suo
1752 4014 2042 4093 tempore
2082 4007 2557 4091 repromittunt.
2652 4008 2812 4074 Cum

442 4186 460 4216 ¹
497 4184 837 4241 Undeutlich
873 4186 1017 4240 korr.
1058 4202 1157 4239 aus
1192 4184 1453 4240 hominia.
1716 4187 1738 4218 ²
1772 4187 1881 4242 Die
1918 4188 2038 4241 drei
2074 4187 2276 4241 letzten
2313 4185 2666 4241 Buchstaben
2702 4205 2810 4243 von

256 4275 495 4330 anderer
530 4273 701 4328 Hand
737 4274 841 4329 auf
868 4275 1063 4329 Rasur.
1228 4274 1251 4306 ³
1286 4275 1394 4330 Die
1433 4279 1575 4330 erste
1612 4275 1762 4330 Zeile
1799 4276 1898 4330 der
1934 4274 2244 4328 Aufschrift
2279 4274 2419 4345 folgt
2453 4274 2814 4330 unmittelbar

256 4363 401 4418 nach
425 4364 652 4418 Datum.
713 4364 830 4418 Der
854 4362 1144 4418 Schreiber
1167 4362 1384 4418 schrieb
1409 4369 1521 4419 erst
1541 4364 1798 4433 religiose
1836 4366 2113 4434 magistre,
2153 4364 2437 4419 bemerkte
2473 4362 2607 4419 aber
2642 4363 2816 4419 selbst

256 4454 378 4507 sein
415 4452 700 4508 Versehen
736 4453 852 4506 und
887 4456 1056 4508 setzte
1101 4470 1171 4506 zu
1215 4453 1471 4524 religiose
1506 4451 2125 4523 Verweisungsstriche,
2181 4452 2387 4508 welche
2434 4453 2523 4507 die
2560 4451 2815 4524 Stellung

259 4542 357 4596 des
381 4541 606 4597 Wortes
641 4540 785 4597 nach
820 4543 1083 4612 magistro
1119 4542 1412 4598 andeuten.
1556 4541 1581 4574 ⁴
1614 4542 1776 4596 Dazu
1800 4559 1892 4596 am
1917 4541 2113 4596 Raude
2136 4539 2283 4595 links
2317 4543 2377 4595 in
2413 4546 2561 4597 roter
2583 4539 2812 4596 Schrift:

257 4649 389 4687 non
416 4630 618 4686 datur
646 4632 778 4687 nisi
807 4631 884 4687 de
919 4632 1211 4704 speciali
1235 4632 1546 4689 mandato
1574 4632 1854 4701 domini,
1886 4633 2046 4704 quia
2071 4632 2268 4688 datur
2292 4635 2554 4688 tantum
2580 4632 2811 4704 capiti.
