3242 5184
257 2815 377 2869 Fol.
418 2822 447 2868 6
460 2821 497 2867 “.

1587 294 2017 354 ...110-

792 521 1312 584 11118111811111111
1357 521 1834 585 notariorum
1880 520 2188 603 palacij.
2208 521 2229 558 ¹

703 662 844 744 Ego
885 712 899 728 .
943 712 956 726 .
991 663 1282 727 notarius
1317 711 1330 726 .
1358 712 1373 726 .
1397 660 1711 727 auditoris
1744 662 2157 727 commissum
2188 660 2384 726 michi
2417 659 2700 725 officium
2733 659 2992 724 solicite
3031 665 3107 740 et

526 770 804 834 fideliter
867 769 1218 851 exercebo,
1285 790 1325 833 a
1382 768 1678 853 partibus
1725 750 1957 833 causas
2002 768 2395 833 habentibus
2441 766 2543 831 vel
2589 766 2914 830 habituris
2935 816 2950 847 ,
3026 767 3104 830 in

529 877 763 959 quibus
812 898 954 940 sum
999 876 1101 940 vel
1147 875 1330 943 fuero
1376 876 1669 941 notarius
1719 874 2098 960 deputatus,
2147 874 2249 939 vel
2295 874 2378 938 ab
2427 895 2651 937 earum
2699 873 2923 955 aliqua
2973 894 3107 936 seu

529 1005 568 1048 a
615 1004 999 1066 quocunque
1059 982 1189 1047 alio
1250 1003 1474 1046 earum
1534 984 1791 1048 nomine
1853 983 2078 1064 quovis
2141 982 2354 1047 colore
2412 1001 2526 1045 seu
2572 980 2760 1046 modo
2810 979 3103 1062 quesitis

527 1089 726 1154 nichil
772 1089 1082 1172 recipiam
1130 1088 1306 1153 ultra
1352 1090 1760 1154 taxacionem
1805 1109 1923 1172 per
1969 1088 2174 1153 felicis
2217 1087 2695 1154 recordacionis
2725 1085 3104 1151 Iohannem

528 1194 838 1260 XXIIdum
885 1218 1202 1260 summum
1266 1195 1637 1279 pontificem
1694 1217 1888 1280 super
1941 1195 2061 1260 hoc
2108 1196 2512 1275 ordinatam,
2578 1193 2867 1258 nullam2
2933 1214 3102 1256 cau-

531 1325 671 1368 sam
719 1302 914 1366 michi
962 1304 1278 1367 committi
1326 1302 1736 1368 scribendam
1782 1301 2143 1386 procurabo
2190 1321 2309 1364 nec
2341 1299 2663 1366 adhibebo
2695 1299 3102 1364 instanciam

532 1409 819 1492 aliquam
864 1411 932 1472 in
979 1409 1102 1473 hac
1146 1415 1354 1492 parte.
1434 1410 1577 1475 Non
1616 1431 1726 1475 ero
1758 1414 2090 1492 promotor
2137 1429 2252 1472 seu
2298 1412 2683 1490 procurator
2729 1408 2796 1470 in
2844 1406 3100 1486 0811818,

531 1537 655 1598 que
712 1537 928 1582 coram
986 1516 1280 1581 auditore
1335 1538 1478 1582 meo
1535 1516 1865 1598 agitantur
1922 1535 2038 1579 seu
2096 1514 2332 1596 agitari
2379 1515 2711 1596 continget
2753 1513 2820 1576 in
2868 1513 3101 1577 causis

529 1623 858 1707 predictiS,
897 1624 965 1686 in
1011 1622 1247 1704 quibus
1295 1644 1437 1687 sum
1483 1622 1584 1686 vel
1631 1622 1832 1703 fuero,
1881 1627 1957 1685 ut
1990 1619 2331 1703 prefertur,
2380 1621 2673 1685 notarius
2712 1619 3098 1702 deputatus.

533 1729 771 1795 Omnes
831 1734 1015 1793 actus
1070 1728 1442 1794 iudiciarios
1500 1728 2030 1793 substancialiter
2087 1728 2155 1791 in
2208 1726 2497 1791 manuali
2554 1748 2690 1817 8811ἱ
2724 1725 3101 1790 memoriali

530 1839 597 1901 in
644 1836 958 1901 auditoris
1004 1837 1133 1900 mei
1177 1838 1514 1920 presencia
1561 1842 1627 1899 et
1673 1838 1879 1900 eciam
1924 1834 2236 1917 parcium,
2288 1834 2341 1897 si
2375 1834 2495 1898 hec
2534 1838 2875 1917 expectare
2906 1831 3099 1896 volu-

532 1945 718 2026 erint,
769 1943 1192 2024 conscribam,
1243 1949 1309 2007 et
1352 1949 1700 2026 postquam
1731 1942 1875 2006 illos
1910 1941 2371 2023 conscripsero,
2421 1962 2530 2006 eos
2563 1961 2811 2005 necnon
2841 1938 3098 2002 instru-

530 2057 751 2116 menta
797 2057 864 2116 et
908 2051 1123 2116 omnia
1170 2049 1303 2114 alia
1348 2056 1415 2114 et
1460 2048 1715 2132 singula
1759 2051 1826 2113 in
1873 2049 2086 2113 causis
2142 2047 2460 2130 producta
2479 2097 2494 2128 ,
2557 2046 2669 2110 ubi
2731 2045 3099 2128 requisitus

532 2158 615 2224 ab
681 2156 975 2222 auditore
1028 2156 1129 2221 vel
1186 2156 1482 2240 partibus
1539 2178 1655 2221 seu
1710 2178 1932 2221 earum
1996 2153 2255 2238 aliqua³
2309 2153 2491 2219 fuero
2511 2203 2526 2234 ,
2592 2153 2660 2216 in
2722 2157 3101 2234 regestrum

532 2265 810 2329 fideliter
853 2264 1143 2347 redigam
1187 2263 1288 2327 vel
1333 2264 1537 2346 redigi
1585 2263 1838 2327 faciam.
1922 2263 2300 2344 Requisitus
2358 2260 2441 2325 ab
2499 2259 2742 2323 eisdem
2788 2257 3097 2342 partibus

531 2372 633 2436 vel
707 2393 929 2435 earum
1003 2370 1226 2453 aliqua
1290 2370 1359 2433 in
1434 2370 1704 2452 singulis
1777 2370 2070 2435 terminis
2136 2368 2496 2433 successive
2560 2364 2860 2448 partibus
2924 2365 3096 2447 ipsis

535 2479 805 2563 copiam,
855 2499 1001 2541 cum
1032 2498 1149 2561 per
1179 2477 1543 2541 auditorem
1575 2475 1839 2541 decreta
1870 2476 2083 2558 fuerit,
2133 2475 2271 2539 81118
2317 2472 2698 2536 difficultate
2746 2477 2811 2534 et
2857 2469 3098 2535 11811118

535 2606 920 2669 quacunque
966 2582 1222 2665 faciam,
1272 2583 1449 2648 salvo
1495 2604 1640 2648 meo
1685 2583 1856 2648 iusto
1904 2582 2142 2648 salario
2174 2603 2291 2665 per
2325 2582 2539 2662 ipsum
2577 2578 2908 2643 dominum
2937 2600 3094 2642 nos-

535 2700 709 2757 trum
757 2712 1078 2756 summum
1100 2690 1493 2774 pontificem
1539 2689 1896 2754 11101181810.
1976 2689 2241 2754 Secreta
2274 2708 2469 2751 cause
2517 2689 2765 2750 secrete
2814 2684 3098 2748 servabo

538 2806 605 2864 et
640 2799 982 2882 presertim
1029 2797 1299 2863 consilia
1347 2796 1660 2861 auditoris
1710 2801 1776 2859 et
1822 2797 2231 2876 sententiam,
2280 2793 2483 2859 1101180
2522 2793 2666 2875 ipsa
2700 2792 2722 2879 ΙΙ
2758 2790 3099 2855 sentencia

537 2907 622 2970 sit
664 2903 940 2989 prolata.
1020 2903 1411 2987 Supradicta
1442 2904 1658 2968 omnia
1690 2908 1756 2966 et
1801 2902 2056 2985 singula
2092 2903 2402 2985 promitto
2450 2906 2516 2963 et
2559 2899 2702 2962 iuro
2750 2895 3097 2961 attendere

537 3019 603 3077 et
650 3033 907 3076 servare
955 3012 1092 3075 sine
1140 3011 1314 3076 omni
1361 3010 1507 3075 dolo
1554 3015 1621 3073 et
1665 3009 1910 3074 fraude.
2005 3008 2114 3074 Sic
2166 3029 2269 3072 me
2324 3006 2482 3070 deus
2541 3004 2803 3070 adiuvet
2858 3008 2925 3067 et
2967 3001 3095 3067 hec

539 3125 764 3184 sancta
810 3118 913 3183 dei
959 3116 1309 3200 evangelia.
1402 3116 1478 3181 Τ.
3082 3119 3087 3123 ’

803 3333 1321 3396 Ι1118111811111111
1371 3348 1596 3411 super
1642 3326 2205 3392 tabellionatus
2254 3325 2575 3391 officio.⁴

715 3474 856 3557 Ego
905 3524 918 3539 .
963 3523 977 3537 .
1028 3473 1110 3538 ab
1156 3472 1280 3536 hac
1324 3471 1487 3537 hora
1530 3471 1796 3535 inantea
1840 3468 2048 3534 fidelis
2096 3490 2205 3533 ero
2253 3468 2446 3532 beato
2494 3467 2689 3533 Petro
2746 3474 2811 3531 et
2865 3472 3092 3532 sancte

538 3582 832 3648 Romane
865 3580 1133 3644 ecclesie
1181 3600 1258 3643 80
1304 3577 1563 3643 1101111110
1609 3598 1754 3641 11180
1803 3576 2061 3641 1101111110
2112 3624 2125 3639 .
2164 3623 2176 3638 .
2226 3595 2396 3657 pape
2427 3571 2541 3637 VI.
2592 3579 2659 3637 et
2705 3575 3094 3639 successori-

540 3689 662 3753 bus
710 3689 847 3751 eius
897 3687 1204 3752 canonice
1249 3682 1666 3748 intrantibus.
1744 3683 1888 3748 Non
1921 3703 2030 3746 ero
2068 3681 2135 3744 in
2167 3680 2435 3745 consilio
2481 3679 2583 3744 vel
2630 3680 2892 3761 auxilio,
2943 3702 3091 3744 con-

543 3815 736 3859 sensu
781 3793 883 3858 vel
928 3792 1121 3874 facto,
1170 3797 1245 3855 ut
1288 3792 1490 3856 vitam
1534 3790 1815 3873 perdant
1861 3795 1976 3853 aut
2021 3787 2381 3851 membrum
2412 3786 2513 3850 vel
2544 3787 2886 3870 capiantur
2916 3785 3094 3851 mala

542 3902 867 3984 capcione.
962 3898 1350 3979 Consilium,
1415 3896 1586 3979 quod
1646 3896 1840 3960 michi
1901 3916 2018 3978 per
2064 3915 2132 3959 88
2179 3893 2280 3958 181
2324 3894 2578 3959 litteras
2626 3899 2741 3957 aut
2784 3893 3094 3957 nuncium

541 4005 1069 4086 manifestabunt,
1105 4004 1189 4068 ad
1220 4024 1443 4069 eorum
1475 4003 1827 4085 dampnum
1860 4003 2137 4066 scienter
2183 4000 2424 4065 nemini
2455 4000 2758 4084 pandam.
2839 3998 2908 4064 Si
2939 4020 3092 4065 vero

544 4114 627 4179 ad
685 4133 896 4177 meam
956 4112 1261 4177 noticiam
1320 4109 1566 4192 aliquid
1629 4110 1927 4173 devenire
1975 4108 2337 4190 contingat,
2402 4106 2574 4190 quod
2619 4108 2686 4170 in
2732 4106 3092 4190 periculum

723 4292 741 4323 ¹
780 4291 988 4345 Hierzu
1033 4308 1124 4345 am
1161 4289 1381 4344 Raude:
1435 4289 1817 4342 Iul-amentum
1862 4289 2203 4343 notariorum
2248 4286 2466 4355 palacij.
2631 4284 2653 4315 ⁹
2680 4284 2968 4340 Hieriiber
3003 4286 3093 4338 ein

543 4387 690 4437 roter
726 4380 905 4434 Strieh
942 4382 1046 4433 mit
1080 4377 1322 4433 dariiber
1356 4378 1679 4433 stehendem
1714 4382 1871 4433 roten
1895 4376 2102 4430 Punkt.
2181 4373 2462 4430 Daneben
2495 4390 2586 4427 am
2610 4372 2805 4428 Raude
2841 4371 3092 4429 dasselbe

544 4469 779 4525 Zeichen
815 4469 929 4521 und
964 4474 1076 4524 rot:
1114 4468 1339 4523 attende
1375 4467 1533 4521 bene.
1689 4465 1711 4497 ³
1747 4467 1858 4520 Am
1893 4466 2089 4520 Rande
2125 4463 2548 4534 nachgetragen.
2698 4461 2722 4493 ⁴
2758 4461 2965 4516 Hierzu
3001 4479 3092 4516 am

547 4559 772 4614 Rande:
818 4557 1022 4612 Forma
1057 4558 1352 4611 iuramenti
1386 4574 1489 4626 per
1522 4556 1876 4625 inquisitores
1912 4555 2151 4609 heretice
2195 4571 2296 4624 pro
2347 4551 2757 4607 tabellionibus.
2831 4550 3092 4605 Dieselbe

547 4648 716 4704 Hand
751 4647 920 4703 strich
956 4647 1046 4701 die
1084 4647 1307 4702 Worter
1341 4664 1441 4718 per
1477 4646 1829 4715 inquisitores
1866 4644 2107 4699 heretice
2144 4643 2348 4698 wieder
2384 4658 2498 4697 aus.
