3242 5184
129 1764 247 1820 Fol.
290 1769 390 1819 103
402 1766 444 1819 ὓ.

1501 283 1995 346 *1913*-

481 452 766 535 ipsorum
814 454 1064 535 signate
1110 452 1377 536 fuerint,
1427 457 1766 540 quitquam
1815 460 2124 541 corrigat,
2175 457 2376 536 addat
2425 458 2522 521 vel
2569 457 2871 523 detrahat
2922 479 3044 521 seu

483 560 645 625 alias
694 560 1169 643 quoquomodo
1202 560 1542 629 scribendo
1587 564 1690 630 vel
1737 564 2115 649 deponendo
2162 585 2426 628 manum
2473 566 2538 628 in
2586 566 2679 628 eis
2727 569 3043 648 apponat,

481 667 607 732 nisi
644 667 904 734 auditor
932 668 1479 734 contradictarum
1507 668 1799 736 fueritin
1826 672 2063 738 litteris
2091 671 2411 754 videlicet,
2443 692 2568 754 que
2596 672 2665 735 in
2703 669 3048 736 audientia

480 774 774 858 predicta
812 775 892 840 de
928 797 1106 842 more
1142 775 1465 858 leguntur,
1505 777 1606 841 vel
1645 785 1971 845 corrector
2004 779 2371 844 litterarum
2408 784 2800 859 nostrarum,
2841 782 3047 859 prout

483 884 562 949 ad
612 904 834 950 eorum
881 882 1087 949 offitia
1133 883 1488 948 dinoscitur
1532 887 1877 967 pertinere.
1973 885 2101 968 Qui
2145 907 2296 951 vero
2346 887 2742 951 contrarium
2789 883 3045 965 fecerit,

482 992 1158 1059 excommunicationis
1205 993 1495 1057 incurrat
1541 995 1930 1058 sententiam
1976 995 2118 1077 ipso
2155 996 2350 1077 facto,
2400 1016 2441 1059 a
2477 1015 2609 1076 qua
2652 1014 2781 1056 non
2827 992 3050 1074 possit

479 1122 597 1184 per
642 1100 843 1165 alium
889 1122 1086 1182 quam
1130 1121 1248 1183 per
1292 1121 1409 1164 nos
1466 1099 1566 1165 vel
1619 1101 2220 1167 vicecancellarium
2275 1100 2713 1181 antedictum,
2778 1099 2907 1162 nisi
2978 1099 3046 1161 in

480 1208 708 1273 mortis
756 1206 1029 1273 articulo
1076 1208 1498 1290 constitutus,
1557 1206 1982 1273 absolutionis
2028 1207 2404 1273 benefitium
2452 1207 2764 1273 obtinere.
2857 1204 3048 1270 Nulli

483 1334 634 1397 ergo
681 1319 803 1377 etc.
851 1312 1098 1379 Datum
1142 1314 1460 1379 Avinione
1506 1312 1689 1380 XVI.
1737 1313 1885 1381 Kal.
1934 1313 2314 1380 Decembris
2361 1314 2780 1398 pontificatus
2827 1312 3045 1376 nostri

482 1442 651 1486 anno
699 1421 1150 1487 sextodecimO.

750 1651 1229 1718 Constitutio
1293 1652 1699 1718 Benedicti
1771 1675 1969 1737 pape
2033 1651 2188 1718 XH.
2256 1654 2472 1720 iuxta
2546 1652 2891 1717 ordinem
2970 1657 3047 1716 et

840 1760 1211 1824 salarium
1246 1763 1271 1844 ΙΙ
1306 1759 1860 1825 advocatorum
1902 1766 1976 1825 et
2014 1760 2282 1825 modus
2323 1760 2805 1843 proponendi
2853 1759 3044 1824 etc.1

659 1901 1094 1967 Benedictus2
1158 1901 1498 1986 episcopus
1563 1924 1786 1968 servus
1852 1924 2181 1969 servorum
2247 1903 2370 1967 dei.
2482 1902 2588 1967 Ad
2651 1907 3043 1986 perpetuam

482 2007 579 2073 rei
623 2010 1020 2075 memoriam.
1112 2008 1367 2075 Decens
1414 2015 1481 2073 et
1524 2010 1964 2075 necessarium
2010 2012 2417 2092 extimamuS,
2465 2004 2556 2074 ut‘
2582 2010 2842 2092 patroni
2890 2031 3046 2074 cau-

485 2136 723 2198 sarum,
759 2116 870 2199 qui
906 2117 974 2180 in
1008 2115 1308 2181 Romana
1353 2116 1535 2180 curia
1573 2115 1850 2182 offitium
1890 2117 2332 2181 advocationis
2372 2122 2693 2199 exercent,
2734 2117 3046 2199 deinceps

485 2222 767 2287 discreto
800 2228 865 2287 et
897 2229 1214 2306 oportuno
1250 2222 1474 2288 ordine
1522 2222 1905 2306 dirigantur.
1999 2223 2091 2289 Ut
2133 2224 2335 2305 igitur
2381 2224 2538 2288 dicti
2584 2225 2845 2306 patroni
2894 2223 3046 2288 abs-

485 2351 610 2413 que
656 2330 1071 2395 tumultuosis
1120 2330 1510 2396 clamoribus
1557 2331 1954 2414 iurgantium
2011 2337 2077 2395 et
2131 2331 2295 2396 alias
2344 2352 2574 2396 causas
2622 2352 2769 2395 cum
2819 2329 3047 2395 debita

483 2436 803 2519 gravitate
851 2443 917 2503 et
963 2437 1368 2502 ordinatione
1414 2438 1821 2522 proponant3
1837 2488 1851 2520 ,
1908 2440 2196 2522 presenti
2245 2437 2502 2503 decreto
2550 2437 2923 2519 statuimus,
2975 2443 3050 2501 ut

482 2546 747 2610 nomina
782 2550 1225 2628 patronorum,
1256 2544 1368 2626 qui
1399 2543 1700 2626 deinceps
1730 2566 1848 2626 pro
1877 2544 2302 2627 procurandis
2331 2545 2544 2609 causis
2584 2544 3046 2608 consistorium

483 2652 766 2718 Romani
812 2649 1138 2733 pontificis
1184 2650 1566 2734 introibunt,
1615 2652 1683 2714 in
1730 2653 2071 2717 matricula
2110 2651 2284 2735 apud
2322 2651 2777 2716 cancellariam
2817 2658 3047 2716 sancte

484 2758 779 2824 Romane
847 2756 1116 2822 ecclesie
1181 2757 1621 2822 conservanda
1682 2758 2051 2840 specialiter
2105 2764 2524 2840 annotentur,
2591 2759 2774 2822 cuius
2842 2780 3045 2822 anno—

486 2865 754 2932 tationis
815 2863 1105 2929 ordinem
1168 2863 1366 2947 ijdem
1420 2865 1678 2946 patroni
1744 2863 1861 2928 de4
1922 2865 2130 2947 primo
2196 2864 2280 2929 ad
2353 2864 2691 2929 ultimum⁵
2763 2871 2902 2930 tam
2978 2867 3046 2928 in

488 2972 719 3037 stando
758 2992 954 3054 quam
990 2971 1057 3034 in
1095 2970 1512 3054 proponendo
1550 2971 1617 3033 in
1655 2970 1883 3035 eodem
1920 2972 2301 3036 consistorio
2341 2971 2645 3036 studeant
2673 2971 3044 3053 observare,

488 3079 843 3144 districtius
874 3077 1262 3158 inhibentes,
1295 3098 1376 3143 ne
1410 3077 1711 3158 deinceps
1751 3078 2138 3160 quicumque
2176 3079 2341 3143 alius
2380 3081 2447 3143 in
2487 3078 2659 3143 dicta
2696 3079 3047 3143 matricula

486 3208 616 3250 non
681 3185 1081 3268 conscriptus
1146 3189 1481 3267 presumat
1542 3184 1610 3246 in
1668 3183 1838 3248 dicto
1896 3185 2278 3249 consistorio
2335 3191 2671 3267 tamquam
2726 3193 3044 3267 patronus

488 3314 680 3358 cause
746 3293 940 3357 alicui
994 3290 1424 3374 patrocinium
1480 3290 1828 3372 impetrare
1883 3291 1982 3354 vel
2038 3292 2106 3355 in
2170 3292 2312 3355 loco
2377 3313 2494 3374 pro
2540 3292 2700 3374 ipsis
2749 3294 3045 3374 patronis

485 3401 554 3464 in
601 3398 826 3464 eodem
873 3399 1252 3462 consistorio
1301 3397 1608 3479 deputato
1659 3417 1727 3460 se
1773 3419 2011 3479 ponere
2057 3397 2157 3462 vel
2204 3398 2441 3481 locare,
2489 3400 2614 3462 nisi
2661 3399 2740 3461 de
2778 3399 3046 3463 licentia

485 3504 768 3570 Romani
829 3504 1196 3587 pontificis⁶
1260 3524 1454 3585 super
1507 3503 1631 3567 hoc
1687 3503 1771 3567 ab
1829 3524 1903 3567 eo
1963 3506 2169 3586 petita
2225 3505 2593 3588 specialiter
2640 3511 2705 3569 et
2753 3505 3040 3571 obtenta.

486 3611 932 3676 Permittimus
992 3616 1246 3691 tamen,
1314 3609 1486 3691 quod
1541 3610 1932 3693 principales
1988 3632 2263 3694 persone
2320 3633 2397 3675 ac
2459 3619 2916 3695 procuratores
2981 3618 3044 3677 et

487 3724 889 3800 promotores
937 3738 1279 3781 causarum
1326 3717 1577 3799 possint
1620 3722 1795 3781 retro
1842 3739 2043 3801 prope
2090 3717 2438 3783 advocatos
2477 3740 2627 3783 suos
2667 3720 3038 3800 consistere,

487 3830 579 3906 ut,
629 3825 685 3889 si
716 3824 1028 3888 advocato
1069 3823 1314 3905 aliquid
1362 3823 1445 3887 ad
1493 3823 1869 3889 memoriam
1911 3824 1990 3888 de
2027 3824 2199 3889 facto
2237 3825 2342 3889 vel
2379 3825 2458 3891 de
2495 3825 2678 3890 iure⁷
2724 3826 3040 3891 voluerint

668 4005 687 4036 ¹
723 4002 983 4058 Dariiber
1028 4021 1119 4056 am
1157 4003 1361 4057 oberen
1395 4001 1591 4057 Raude
1629 4021 1740 4058 von
1776 4003 2009 4057 anderer
2046 4003 2214 4058 Hand
2250 4004 2377 4058 sehr
2412 4004 2665 4077 fliichtig:
2723 4008 3037 4061 constitutio

487 4093 790 4148 Benedicti.
972 4091 994 4122 ²
1029 4090 1243 4145 Schone
1279 4091 1501 4145 Initiale
1537 4092 1596 4144 in
1631 4091 1783 4161 blau,
1822 4097 1909 4146 rot
1944 4094 2057 4146 und
2093 4094 2240 4164 gold.
2423 4094 2445 4125 ³
2481 4096 2592 4148 Am
2628 4094 2827 4149 Raude
2864 4095 3037 4151 rechts

486 4201 598 4238 von
634 4182 868 4237 anderer
891 4179 1084 4234 Hand:
1124 4180 1272 4249 quod
1310 4181 1563 4235 advocati
1588 4180 1901 4234 scribantur
1924 4184 1983 4235 in
2007 4183 2298 4238 matricula
2322 4185 2665 4239 cancellarie.
2810 4184 2834 4215 ⁴
2872 4183 3036 4240 Ober—

486 4270 621 4325 halb
658 4271 756 4325 der
791 4268 940 4324 Zeile
976 4287 1088 4325 von
1124 4269 1415 4323 derselben
1451 4269 1637 4324 Hand.
1777 4270 1798 4301 ⁵
1833 4271 1945 4323 Am
1980 4271 2176 4326 Rande
2212 4273 2391 4327 rechts
2427 4291 2539 4329 von
2574 4273 2810 4327 anderer
2846 4273 3033 4327 Hand:

490 4360 639 4430 quod
674 4363 822 4414 stent
857 4363 914 4413 et
947 4362 1261 4428 proponant
1296 4359 1449 4410 iuxta
1491 4360 1838 4427 prioritatem
1882 4362 2223 4430 receptionis.
2428 4363 2451 4394 ⁶
2485 4361 2705 4432 Desgl.:
2744 4363 2897 4433 quod
2932 4380 3034 4416 non

492 4448 797 4517 descriptus
831 4465 1093 4502 numerus
1131 4446 1199 4516 [P]
1236 4463 1349 4500 non
1385 4463 1442 4500 se
1479 4447 1685 4501 audeat
1719 4449 1778 4501 in
1814 4449 1933 4503 loco
1970 4450 2158 4519 aliquo
2195 4450 2378 4505 locare
2413 4453 2531 4506 sine
2566 4468 2713 4521 pape
2735 4452 2960 4505 licentia
2986 4455 3035 4504 et

489 4538 549 4590 in
583 4538 918 4592 consistorio.
1138 4536 1157 4568 ⁷
1192 4534 1410 4605 Desgl.:
1459 4535 1608 4604 quod
1644 4541 2024 4604 procuratores
2062 4544 2117 4592 et
2151 4540 2483 4609 principales
2518 4557 2752 4609 persone
2787 4544 2914 4610 post
2946 4539 3032 4594 ad-

491 4631 745 4681 vocatum
784 4631 931 4680 stent
964 4626 1024 4678 in
1060 4626 1391 4679 consistorio.
