3242 5184
1259 322 1706 384 .-53--n

199 516 312 561 eas
360 501 786 578 componatur
831 501 947 560 aut
979 497 1219 562 auditis
1266 502 1613 579 utrumque
1660 497 2022 562 rationibus
2056 497 2282 561 eadem
2314 499 2752 563 controversia

198 603 370 667 iusto
417 602 647 668 iuditio
693 603 1094 668 terminetur.
1187 603 1294 667 Ad
1341 603 1653 668 maiorem
1700 624 1958 687 quoque
2006 603 2249 669 ordinis
2294 605 2494 669 vestri
2523 627 2750 687 pacem

197 708 706 775 conservandam
753 709 1110 775 districtius
1157 709 1592 795 prohibemus,
1641 732 1722 775 ne
1756 711 1989 792 aliquis
2021 710 2422 794 prelatorum
2453 711 2553 777 vel
2601 712 2750 776 sub-

195 815 481 881 ditorum
527 822 889 882 vestrorum
936 817 1001 880 in
1047 818 1203 900 hijs,
1271 838 1396 900 que
1454 817 1537 881 ad
1594 816 2001 901 disciplinam
2050 824 2115 882 et
2158 818 2461 884 instituta
2507 818 2748 884 ordinis

196 928 520 1006 spectant,
570 922 828 1004 audeat,
876 930 1072 1007 prout
1102 929 1419 989 statutum
1454 929 1555 988 est
1599 924 1668 987 in
1711 923 2144 989 Lateranensi
2190 925 2481 1007 concilio,
2530 925 2748 1009 appel-

188 1029 352 1111 lare,
389 1029 504 1095 sed
527 1030 582 1094 si
615 1030 960 1114 quisquam
992 1031 1323 1116 appellare
1353 1032 1788 1114 temptaverit,
1821 1031 2295 1098 nichilomimus
2326 1031 2442 1113 illi,
2477 1054 2748 1114 quorum

186 1137 485 1219 interest,
534 1137 898 1220 regularem
945 1138 1352 1223 disciplinam
1399 1159 1698 1202 exercere
1730 1137 2074 1203 debebunt.
2162 1139 2261 1203 De
2308 1144 2543 1220 cetero,
2592 1161 2748 1222 quo-

186 1244 367 1309 niam
418 1266 457 1308 a
517 1245 794 1327 strepitu
849 1251 916 1309 et
972 1246 1255 1310 tumultu
1320 1245 1709 1309 secularium
1769 1245 2000 1310 remoti
2053 1266 2278 1329 pacem
2344 1251 2409 1310 et
2466 1245 2748 1328 quietem

188 1350 465 1434 diligitis
489 1401 505 1433 ,
572 1352 872 1435 grangias
929 1357 1181 1417 vestras
1237 1358 1304 1416 et
1358 1357 1571 1417 curtes
1631 1353 1798 1416 sicut
1854 1357 1920 1416 et
1965 1352 2134 1416 atria
2182 1352 2600 1418 ecclesiarum
2646 1350 2663 1440 Η
2709 1374 2749 1416 a
2789 1363 2904 1417 Fol.
2946 1369 3062 1417 29⁸.

184 1479 541 1541 pravorum
588 1458 854 1523 incursu
900 1464 966 1522 et
1010 1459 1318 1524 violentia
1363 1458 1573 1522 libera
1619 1457 1757 1524 fore
1805 1459 2130 1523 sancimus
2175 1458 2627 1542 prohibentes,
2675 1464 2750 1522 ut

187 1564 412 1629 nullus
460 1564 553 1629 ibi
597 1563 923 1629 hominem
971 1586 1232 1649 capere,
1292 1565 1599 1649 spoliare,
1657 1565 2001 1630 verberare
2057 1587 2169 1630 seu
2224 1564 2586 1630 interficere
2634 1571 2749 1630 aut

185 1671 438 1735 furtum
484 1676 600 1736 aut
645 1672 943 1755 rapinam
991 1673 1394 1737 committere
1441 1671 1698 1736 audeat.
1811 1671 1911 1737 Ob
1969 1672 2302 1738 evitandas
2359 1692 2510 1739 vero
2566 1693 2745 1737 secu-

186 1779 431 1844 larium
477 1768 769 1844 virorum'
806 1779 1206 1862 frequentias
1252 1779 1529 1844 liberum
1576 1780 1662 1844 sit
1705 1780 1908 1861 vobiS,
1958 1780 2135 1845 salvo
2170 1780 2311 1844 iure
2358 1779 2745 1863 dyocesano-

182 1907 329 1950 rum
362 1886 836 1969 episcoporum,
885 1887 1171 1952 oratoria
1215 1887 1283 1950 in
1328 1886 1614 1970 grangijs
1655 1893 1721 1951 et
1766 1887 2056 1952 curtibus
2102 1888 2334 1952 vestris
2373 1892 2746 1952 construere

183 1998 250 2056 et
302 1994 376 2056 in
409 1993 569 2076 ipsis
616 1993 798 2058 vobis
847 1999 913 2058 et
957 1992 1199 2057 familie
1235 1998 1446 2058 vestre
1494 1992 1711 2058 divina
1756 1993 1981 2075 offitia,
2029 2016 2176 2058 cum
2220 2014 2484 2059 necesse
2530 1992 2744 2075 fuerit,

186 2099 526 2164 celebrare
574 2105 640 2164 et
682 2100 890 2183 ipsam
937 2099 1271 2181 familiam,
1318 2100 1445 2164 nisi
1493 2101 1696 2182 aliqui
1742 2101 1891 2183 sint,
1941 2101 2052 2183 qui
2097 2101 2165 2163 in
2196 2101 2433 2164 vicinia
2461 2099 2747 2191 habeant

183 2207 457 2290 propria
502 2205 866 2289 domicilia,
934 2207 1017 2271 ad
1077 2206 1582 2288 confessionem,
1651 2207 2165 2272 communionem
2222 2212 2288 2271 et
2343 2206 2744 2290 sepulturam

183 2335 331 2378 cum
364 2312 568 2377 vestri
600 2312 842 2378 ordinis
873 2312 1212 2379 honestate
1244 2314 1590 2397 suscipere.
1671 2312 1899 2378 Liceat
1931 2334 2190 2397 quoque
2220 2313 2401 2379 vobis
2433 2334 2742 2396 personas

179 2419 429 2485 liberas
462 2425 584 2484 etc.
620 2441 767 2484 cum
796 2420 991 2485 rebus
1024 2421 1158 2485 suis
1192 2425 1312 2484 etc.
1345 2441 1552 2503 usque
1582 2421 1883 2485 retinere.
1932 2419 2232 2486 Infirmos
2265 2441 2522 2503 quoque
2554 2419 2741 2485 abso-

187 2525 384 2609 lutos,
423 2527 536 2609 qui
566 2526 634 2590 in
666 2532 955 2592 extrema
984 2527 1318 2592 voluntate
1351 2528 1434 2592 ad
1466 2550 1579 2592 vos
1611 2526 1950 2591 transferri
1984 2533 2099 2592 aut
2131 2526 2303 2610 apud
2334 2548 2447 2593 vos
2482 2526 2743 2611 sepeliri

185 2632 710 2714 deliberaverint,
744 2632 959 2697 nullus
991 2632 1305 2717 impedire
1339 2656 1454 2700 seu
1499 2655 1603 2699 res
1637 2654 1859 2699 eorum
1890 2634 2215 2716 legitimas
2263 2633 2552 2698 detinere
2597 2654 2741 2717 pre-

185 2746 424 2821 sumat,
460 2739 641 2804 salva
657 2745 877 2804 tamen
895 2739 1208 2804 heredum
1235 2741 1528 2823 legitima
1558 2742 1862 2825 porcione
1895 2746 1959 2804 et
1992 2740 2303 2805 canonica
2319 2740 2581 2805 iusticia
2598 2739 2741 2804 illa-

183 2867 328 2910 rum
349 2846 790 2928 ecclesiarum,
812 2868 853 2910 a
871 2846 1106 2928 quibus
1127 2853 1526 2913 mortuorum
1547 2869 1819 2931 corpora
1837 2853 2273 2912 assumuntur.
2307 2846 2413 2911 Ad
2431 2847 2742 2912 maiorem

183 2954 383 3019 etiam
428 2954 629 3018 vestri
674 2953 919 3018 ordinis
955 2955 1384 3019 reverentiam
1432 2960 1498 3020 et
1532 2955 1850 3038 regularis
1887 2954 2227 3038 discipline
2264 2953 2740 3019 observantiam

181 3059 396 3141 vobis,
436 3059 550 3143 filij
594 3059 895 3141 abbateS,
936 3060 1261 3126 subiectos
1298 3066 1547 3127 vestros
1584 3061 1830 3145 ligandi
1868 3066 1934 3127 et
1970 3060 2258 3126 solvendi
2295 3061 2554 3144 plenam
2593 3083 2740 3126 con-

183 3166 473 3231 cedimus
539 3165 937 3231 facultatem.
1050 3165 1219 3249 Quia
1283 3188 1432 3232 vero
1506 3167 1798 3251 singula,
1865 3188 1990 3250 que
2055 3167 2139 3232 ad
2202 3167 2530 3251 religionis
2594 3191 2738 3252 pro-

184 3272 429 3338 fectum
476 3279 543 3339 et
588 3274 948 3338 animarum
997 3274 1274 3339 salutem
1322 3273 1704 3357 ordinastis,
1760 3275 2049 3359 presenti
2104 3273 2585 3340 abbreviacioni
2629 3295 2739 3339 ne-

185 3381 532 3463 quiverunt
577 3379 856 3462 annecti,
903 3402 1022 3446 nos
1060 3402 1205 3446 cum
1251 3381 1401 3465 hijs,
1451 3402 1577 3464 que
1623 3381 1985 3464 prescripta
2032 3385 2203 3462 sunt,
2244 3380 2738 3446 consuetudines

184 3492 438 3552 vestras
460 3537 476 3569 ,
546 3508 710 3570 quas
766 3486 935 3552 inter
987 3509 1101 3552 vos
1157 3488 1489 3570 religionis
1545 3488 1786 3551 intuitu
1840 3486 2226 3569 regulariter
2289 3487 2610 3552 statuistis
2676 3492 2741 3551 et

187 3592 489 3678 deinceps
537 3599 802 3659 auctore
850 3594 1107 3660 domino
1155 3595 1475 3675 statuetis,
1523 3594 1912 3659 auctoritate
1958 3593 2317 3676 apostolica
2360 3593 2740 3659 roboramus

190 3706 254 3764 et
298 3699 484 3765 vobis
529 3700 892 3784 vestrisque
941 3701 1420 3766 successoribus
1469 3707 1536 3764 et
1581 3700 1907 3781 omnibus,
1959 3700 2071 3783 qui
2117 3699 2409 3766 ordinem
2455 3706 2740 3766 vestrum

188 3805 462 3889 professi
507 3806 768 3889 fuerint,
816 3809 1146 3891 perpetuis
1192 3807 1593 3891 temporibus
1641 3807 2102 3872 inviolabiliter
2147 3806 2585 3873 observandas
2633 3806 2740 3873 de-

191 3913 530 3996 cernimus,
578 3935 697 3980 nec
744 3914 958 3997 alique
1012 3915 1229 3997 littere
1275 3914 1562 3980 habeant
1605 3912 2008 3995 firmitatem,
2066 3935 2191 3997 que
2236 3916 2437 3980 tacito
2483 3914 2741 3979 nomine

189 4017 808 4086 Premonstratensis
855 4020 1099 4086 ordinis
1148 4026 1375 4087 contra
1426 4020 1766 4086 libertates
1812 4020 1993 4087 vobis
2051 4020 2133 4085 ab
2182 4020 2542 4105 apostolica
2589 4020 2740 4085 sede

192 4125 471 4191 indultas
501 4127 781 4192 fuerint¹
812 4127 1210 4211 impetrate.²
1271 4127 1441 4194 Sane
1471 4127 1770 4193 laborum
1806 4132 2170 4193 vestrorum
2200 4127 2279 4192 de
2316 4126 2738 4212 possessioni-

190 4230 304 4296 bus
341 4232 584 4298 habitis
623 4240 774 4298 ante
813 4235 1155 4300 concilium
1191 4234 1494 4317 generale
1532 4255 1608 4298 ac
1647 4234 1845 4298 etiam
1882 4233 2228 4316 novalium,
2278 4255 2404 4317 que
2456 4232 2737 4318 proprijs
2796 4312 2805 4321 „

193 4339 485 4405 manibus
525 4347 638 4405 aut
675 4340 1039 4424 sumptibus
1078 4340 1310 4421 colitis,
1360 4339 1439 4404 de
1478 4340 1714 4422 quibus
1753 4340 2088 4405 novalibus
2137 4340 2373 4425 aliquis
2420 4339 2737 4406 hactenus

364 4589 382 4620 ¹
420 4588 628 4643 Hierzu
665 4606 755 4644 am
780 4589 975 4645 Raude
1011 4592 1070 4643 in
1093 4594 1242 4644 roter
1265 4587 1490 4644 Schrift:
1530 4589 1670 4644 Hoc
1706 4595 1807 4644 est
1843 4591 2244 4663 capitulum,
2283 4591 2401 4645 ubi
2436 4590 2736 4648 habetur

197 4679 432 4732 mentio
471 4682 724 4735 contra.
942 4678 964 4712 ²
999 4677 1307 4735 Handschr.
1346 4679 1658 4750 impetrare.
