3242 5184
160 3757 280 3813 Fol.
321 3763 388 3813 96
399 3757 441 3813 ¹².

1449 275 1587 330 ⁵——
1685 236 1808 296 184
1899 274 1988 279 —-

469 412 647 494 ipsas
694 410 776 474 ad
825 430 972 474 eum
1017 411 1347 474 remittere
1378 414 1738 475 teneantur.
1761 431 1780 451 ⁸
1817 409 1907 474 Et
1936 411 2048 492 (1111
2094 409 2215 474 1100
2262 432 2391 475 11011
2439 412 2809 492 servaverit,
2851 409 3021 473 arbi-

471 518 594 591 trio
641 518 1150 601 vicecancellarij
1201 518 1528 599 puniatur.

652 622 838 706 Quod
897 623 1113 688 nullus
1177 623 1496 688 dictorum
1557 626 1943 708 scriptorum
2000 624 2254 690 litteras
2312 625 2434 689 sibi
2482 624 2864 689 distributas
2913 645 3027 707 per

472 731 671 795 alium
728 732 1106 814 scriptorem
1163 730 1357 795 scribi
1412 731 1612 795 faciat
1670 733 1807 795 sine
1863 731 2369 815 vicecancellarij
2427 732 2691 796 licentia
2737 730 3024 816 speciali.

470 837 750 902 Faciens
795 857 946 903 vero
993 839 1409 919 contrarium,
1458 844 1593 902 tam
1640 836 1943 902 videlicet
1986 837 2252 901 tradens
2301 859 2495 920 quam
2545 838 2855 919 3011110113,
2914 859 3028 921 per

472 965 673 1008 unum
718 965 1006 1009 mensem
1052 943 1135 1008 ab
1183 943 1387 1010 offitio
1437 944 1892 1028 suspendatur.

652 1049 839 1133 Quod
903 1050 1118 1115 nullus
1152 1050 1155 1053 ’
1185 1052 1573 1134 scriptorum
1639 1053 1927 1135 ipsorum
1990 1051 2245 1115 litteras
2310 1072 2428 1134 per
2491 1072 2638 1116 eum
2692 1057 3029 1135 grossatas

470 1159 796 1239 restituat,
844 1159 969 1223 nisi
1015 1159 1195 1241 prius
1242 1179 1475 1223 nomen
1523 1181 1740 1241 suum,
1796 1164 1871 1240 ut
1913 1160 2109 1224 moris
2158 1163 2276 1240 est,
2333 1159 2625 1241 posuerit
2669 1159 2737 1222 in
2784 1158 3029 1224 eisdem

475 1285 735 1347 easque,
784 1265 840 1329 si
886 1265 1168 1330 taxande
1217 1264 1476 1346 fuerint,
1527 1266 1740 1330 taxari
1786 1265 2003 1330 faciat.
2096 1265 2203 1330 Illi
2250 1286 2419 1346 ver0,
2469 1266 2583 1347 qui
2628 1267 3029 1330 contrarium

473 1370 765 1452 fecerint,
814 1377 1228 1455 computetur
1272 1372 1525 1437 taxatio
1573 1371 1924 1455 duplicata.

654 1475 843 1560 Quod
907 1478 1121 1544 nullus
1188 1478 1560 1544 eorumdem
1624 1479 2014 1562 scriptorum
2069 1479 2323 1545 litteras
2382 1501 2498 1562 per
2554 1501 2700 1545 011111
2748 1479 3027 1561 scriptas

475 1582 818 1666 restituat,
864 1586 993 1650 nisi
1037 1587 1217 1669 prius
1265 1607 1410 1650 cum
1457 1591 1614 1650 nota
1667 1588 1843 1669 ipsas
1900 1586 2363 1652 auscultaverit
2409 1586 2752 1670 diligenter
2799 1592 2868 1650 et
2923 1607 3029 1650 eas

477 1690 830 1756 secundum
876 1698 1098 1759 notam
1146 1693 1502 1759 correxerit
1548 1693 1964 1758 antedictam.
2042 1693 2132 1757 Et
2177 1695 2289 1776 qui
2333 1693 2457 1758 1100
2493 1715 2622 1759 11011
2655 1693 3027 1773 servaverit,

477 1798 560 1863 ad
606 1799 811 1882 ipsius
859 1799 1366 1883 vicecancellarij
1417 1798 1762 1864 arbitrium
1808 1801 2134 1883 puniatur.
2153 1800 2174 1838 1

658 1903 846 1995 Quod
876 1905 1075 1989 ijdem
1109 1907 1455 1996 scriptores
1490 1905 1833 1989 diligentes
1867 1913 1933 1971 et
1964 1908 2199 1972 attenti
2233 1909 2532 1988 existant,
2581 1912 2654 1971 ut
2688 1906 3030 1971 scribendo

476 2012 735 2077 litteras
782 2013 960 2096 ipsas
1008 2012 1176 2078 bone
1222 2014 1438 2078 littere
1485 2013 1759 2079 formam
1808 2013 2121 2095 efficiant,
2169 2035 2251 2079 ne
2296 2021 2563 2097 propter
2608 2014 3032 2098 cupiditatem

476 2119 641 2183 lucri
674 2119 867 2183 citius
899 2120 1255 2204 recipiendi
1287 2120 1387 2184 vel
1420 2141 1489 2184 se
1520 2121 1587 2183 in
1620 2120 1767 2204 alijs
1799 2122 2077 2203 negotijs
2118 2124 2239 2207 [et]
2274 2120 2637 2187 actionibus
2670 2119 3030 2205 occupandi

477 2226 668 2290 nimis
715 2225 1100 2292 festinanter
1145 2227 1247 2292 vel
1284 2228 1496 2292 minus
1515 2227 1541 2266 2
1587 2226 1884 2292 ordinate
1903 2228 2222 2311 scribant.
2300 2228 2612 2310 Alioquin
2642 2228 2865 2292 littere
2896 2228 3031 2310 ipse

477 2333 698 2398 taliter
743 2335 981 2417 scripte
1028 2335 1232 2417 gratis
1278 2333 1692 2399 rescribende
1738 2334 2147 2399 mandentur.
2240 2335 2329 2399 Et
2374 2336 2429 2399 si
2475 2334 2596 2401 hoc
2642 2335 2837 2398 nimis
2887 2355 3028 2398 con-

477 2440 752 2521 tinuent,
800 2446 1211 2524 precaveant,
1261 2440 1435 2524 quod
1482 2462 1591 2506 003
1640 2463 1810 2524 pena
1856 2443 2112 2524 gravior
2158 2464 2286 2507 non
2334 2448 2665 2524 sequatur.

657 2545 848 2628 Quod
893 2549 962 2611 in
1005 2548 1265 2629 litteriS,
1313 2570 1439 2631 que
1476 2550 1758 2613 transire
1788 2547 2077 2614 habeant
2105 2570 2222 2632 per
2252 2547 2649 2614 audientiam
2680 2547 3026 2632 publicam,

479 2654 760 2737 scriptor
805 2658 1095 2738 apponat
1141 2654 1362 2720 datam
1412 2655 1562 2736 diei,
1611 2676 1743 2737 qua
1787 2657 1965 2738 ipsas
2003 2657 2277 2739 recipiat
2308 2655 2393 2720 ad
2424 2655 2860 2736 scribendum,
2908 2653 3027 2717 nisi

479 2760 849 2826 vacationes
892 2782 1263 2826 communes
1305 2763 1677 2843 existerent,
1726 2768 1792 2827 et
1820 2769 1975 2826 tunc
2007 2762 2161 2827 data
2194 2764 2269 2850 [l]
2303 2784 2541 2846 ponere
2572 2767 2877 2826 teneatur
2908 2760 3029 2823 diei

479 2869 685 2950 prime
731 2867 1059 2933 audientie
1104 2869 1505 2933 resumende.
1598 2868 1679 2932 In
1733 2870 2035 2952 gratiosis
2089 2890 2240 2935 vero
2294 2869 2530 2934 litteris
2584 2869 2765 2932 illam
2815 2867 3027 2932 datam

481 2974 740 3039 studeat
794 2996 1148 3058 apponere,
1207 2996 1403 3058 quam
1460 2977 1824 3059 appositam
1887 2978 2019 3041 sive
2084 2978 2394 3060 scriptam
2457 2976 2691 3041 viderit
2741 2977 2811 3039 111
2866 2973 3027 3038 110113

480 3080 873 3147 earumdem.
968 3080 1216 3165 Quodsi
1259 3083 1513 3149 litteras
1559 3085 1737 3167 ipsas
1785 3085 1923 3148 sine
1970 3082 2126 3149 data
2170 3084 2284 3149 illa
2328 3083 2706 3164 restituerit,
2762 3080 3026 3147 arbitrio

480 3189 988 3273 vicecancellarij
1040 3191 1367 3273 puniatur.

734 3471 1103 3556 Sequitur
1139 3475 1450 3541 rubrica
1478 3475 1567 3541 de
1606 3477 2014 3569 taxatione
2040 3476 2486 3542 litterarum
2515 3476 2603 3541 de
2635 3472 3025 3540 audientia

836 3581 1343 3664 grossarum.8

663 3740 1096 3824 11Premissis⁴
1130 3742 1394 3825 insuper
1424 3748 1726 3808 notarum
1757 3743 2197 3809 taxationibus
2229 3742 2668 3825 predictarum
2700 3742 2828 3807 alie
2858 3761 3019 3824 gros-

482 3870 701 3912 sarum
746 3848 1112 3913 litterarum
1157 3850 1525 3916 taxationes
1570 3871 1688 3933 per
1734 3854 1985 3914 statuta
2031 3855 2098 3914 et
2128 3848 2567 3914 ordinationes
2599 3848 2855 3933 prefata
2886 3846 3016 3912 sub-

481 3954 810 4037 sequentis
876 3954 1307 4020 distinctionis
1372 3957 1537 4021 serie
1604 3956 2074 4022 describuntur.
2186 3954 2373 4037 Quod
2445 3955 2747 4022 videlicet
2819 3956 3018 4020 littera

479 4062 766 4144 gratiosa
812 4083 957 4126 cum
1003 4061 1308 4126 clausulis
1355 4064 1678 4127 consuetis
1725 4084 1920 4146 super
1965 4064 2347 4129 canonicatu
2402 4069 2469 4127 et
2519 4062 2849 4147 prebenda
2889 4067 3013 4125 tan-

659 4331 675 4362 ¹
717 4330 951 4384 Hdschr.
990 4333 1307 4400 puniantur.
1465 4331 1485 4362 ²
1522 4332 1588 4384 In
1628 4332 1725 4385 der
1761 4332 1995 4387 Hdschr.
2037 4332 2445 4387 verschrieben:
2495 4334 2672 4384 nimis.
2817 4330 2839 4361 ³
2873 4329 3011 4382 Dazu

478 4436 569 4473 am
624 4419 821 4473 Raude
875 4420 1054 4474 rechts
1106 4438 1218 4475 von
1273 4421 1508 4474 anderer
1554 4420 1749 4475 Hand:
1807 4420 1896 4475 Dc
1944 4423 2228 4476 taxacione
2274 4422 2583 4476 litterarum
2631 4422 2701 4475 de
2745 4417 3010 4475 audiencia

478 4525 808 4578 grossarum.
1015 4509 1038 4540 ⁴
1086 4497 1242 4565 Uber
1292 4510 1418 4562 dem
1464 4507 1608 4563 Text
1654 4527 1741 4564 am
1792 4510 1959 4565 obern
2009 4509 2170 4565 Rand
2223 4529 2333 4567 von
2381 4511 2616 4567 anderer
2661 4509 2848 4567 Hand:
2901 4513 3012 4563 taxa

478 4613 806 4667 grossarum.
1090 4616 1107 4639 .-
