3242 5184
124 815 240 870 Fol.
281 820 348 868 92
364 816 404 869 ¹².

120 4134 234 4190 Ful.
276 4139 341 4188 93
356 4144 394 4188 ¹².

1663 291 1785 360 ms
1880 338 1965 345 ff-

445 474 556 559 qui
621 499 749 542 non
815 475 1063 558 absque
1126 477 1495 558 symoniaca
1551 475 1700 539 labe
1759 476 2100 559 pecuniam
2161 481 2549 558 extorquent
2606 475 2691 542 ab
2756 476 3014 543 eisdem

443 582 887 667 parrochianis
952 606 1069 667 pro
1127 584 1417 667 exequijs
1482 588 1882 648 mortuorum
1905 633 1921 665 ,
1982 582 2539 647 benedictionibus
2614 584 3013 650 nubentium

443 697 508 754 et
554 690 702 774 alijs
751 691 1206 756 ecclesiasticis
1241 689 1688 771 sacramentiS,
1728 712 1856 755 non
1890 689 2060 754 ultra
2093 689 2282 754 unius
2317 690 2546 754 similis
2579 690 3011 758 Turonensis,

625 803 651 884 ΙΙ
673 798 804 864 Pro
852 798 1251 864 correctione
1297 804 1448 863 note
1487 818 1683 882 super
1715 796 1969 861 defectu
2001 795 2317 861 natalium
2350 819 2467 880 pro
2502 797 2811 883 dyacono,
2850 801 3014 865 sub-

442 905 753 989 dyaconO,
802 906 1037 971 clerico
1071 904 1172 970 vel
1206 906 1439 971 scolari
1472 910 1796 989 presente,
1831 925 1977 968 cum
2012 924 2206 987 super
2242 903 2365 969 hoc
2412 904 2495 968 ad
2543 912 2765 988 partes
2813 908 3016 972 iuxta

442 1014 839 1096 exigenciam
888 1013 1021 1077 stili
1071 1012 1619 1094 consuetudinarij
1686 1011 2013 1092 scribitur,
2063 1011 2254 1075 unius
2303 1011 2530 1075 similis
2579 1012 3010 1079 TuronensiS.

618 1120 748 1186 Pro
798 1119 1197 1186 correctione
1244 1127 1394 1184 note
1441 1120 1706 1185 maioris
1753 1118 1956 1183 forme
2004 1139 2201 1202 super
2246 1117 2433 1183 bonis
2481 1119 2778 1186 alienatis
2817 1142 3012 1187 revo-

441 1227 666 1291 candis
715 1249 860 1292 cum
908 1226 1009 1292 vel
1058 1227 1196 1292 sine
1243 1227 1592 1291 iuramenti
1639 1226 2074 1309 expressione,
2125 1225 2342 1308 quoad
2388 1226 2850 1309 impetrantem
2901 1229 3012 1293 vel

440 1335 886 1430 impetranteS,
935 1334 1210 1399 duorum
1257 1334 1564 1399 similium
1611 1332 2103 1429 Turonensium.

616 1441 746 1507 Pro
795 1442 1192 1507 correctione
1241 1447 1393 1509 note
1441 1462 1638 1524 super
1685 1434 2093 1523 attemptatis
2141 1440 2206 1503 in
2254 1440 2552 1524 partibus
2600 1447 2750 1524 post
2796 1442 3008 1526 impe-

439 1549 676 1612 trantis
723 1549 848 1611 iter
895 1555 1227 1631 arreptum
1273 1548 1356 1613 ad
1391 1547 1609 1613 sedem
1644 1546 2067 1630 apostolicam
2100 1547 2479 1611 revocandis
2514 1546 2788 1612 duorum
2822 1549 3007 1612 simi-

438 1655 596 1718 lium
644 1652 1136 1722 Turonensium.

618 1760 748 1827 Pro
796 1764 1192 1828 correctione
1238 1767 1390 1829 note
1439 1767 1666 1827 contra
1713 1761 2176 1845 parrochianos
2226 1759 2509 1825 decimas
2546 1746 3007 1845 ecclesijs'non

441 1869 782 1951 solventeS,
816 1875 1123 1952 pretensa
1160 1891 1277 1953 per
1308 1890 1418 1935 eos
1457 1890 1660 1953 prava
1707 1867 2173 1935 consuetudine
2221 1867 2299 1931 de
2346 1868 2505 1951 ipsis
2554 1868 2821 1933 decimis
2869 1892 3005 1934 non

440 1975 781 2058 solvendis,
830 1976 1105 2042 duorum
1152 1976 1458 2041 similium
1505 1976 2000 2042 Turonensium.

616 2082 746 2147 Pro
824 2084 1219 2149 correctione
1296 2088 1447 2150 note
1525 2082 2035 2149 confirmationis
2114 2083 2399 2147 omnium
2475 2081 2855 2147 libertatum
2932 2091 3006 2147 et

438 2190 921 2254 immunitatum
955 2191 1021 2253 in
1052 2189 1260 2255 forma
1291 2190 1580 2272 generali
1610 2212 1727 2273 pro
1759 2189 2189 2272 regularibUS,
2223 2211 2351 2253 non
2382 2194 2600 2252 tamen
2632 2211 2749 2272 pro
2781 2190 3003 2273 hospi-

437 2296 710 2377 talibus,
759 2318 908 2361 cum
967 2298 1378 2380 expressione
1445 2297 1688 2361 ordinis
1755 2295 1855 2361 vel
1913 2296 2313 2360 secularibus
2372 2295 2662 2379 ecclesijs
2723 2295 3001 2361 duorum

439 2403 747 2468 similium
794 2403 1288 2470 Turonensium.

616 2510 1035 2595 Privilegium
1082 2517 1300 2577 autem
1349 2532 1720 2591 commune,
1769 2509 1985 2593 quoad
2032 2511 2172 2574 eius
2218 2509 2654 2591 taxationem,
2702 2532 2820 2594 pro
2866 2532 2996 2575 una

439 2617 717 2702 simplici
763 2623 1192 2701 computetur.

614 2724 744 2790 Pro
811 2725 1193 2808 corrigenda
1256 2731 1412 2791 nota
1476 2724 1858 2790 adiectionis
1924 2723 2244 2805 iudicum,
2311 2729 2384 2787 ut
2442 2724 2579 2787 sine
2639 2724 2997 2808 suspitione

436 2830 749 2916 procedat
793 2832 1125 2914 iudicium,
1174 2831 1446 2898 duorum
1486 2831 1791 2896 similium
1824 2829 2316 2895 Turonensium.

616 2938 745 3003 Pro
794 2939 1195 3005 correctione
1241 2939 1642 3004 revocatorie
1689 2937 1988 3002 facientis
2035 2937 2429 3002 mentionem
2478 2937 2557 3001 de
2590 2938 2762 3001 iusto
2794 2938 2994 3020 impe-

439 3046 765 3129 dimento,
833 3068 961 3129 quo
1027 3047 1382 3130 impetrans
1450 3049 1767 3127 quantum
1832 3042 1916 3108 ad
1982 3044 2502 3128 prosecutionem
2566 3065 2696 3107 non
2754 3043 2995 3108 factam

439 3154 737 3219 detentus
786 3154 1114 3237 extiterat,
1165 3154 1438 3218 duorum
1487 3152 1793 3216 similium
1839 3150 2333 3217 Turonensium.

616 3260 744 3326 Pro
812 3261 1211 3326 correctione
1273 3265 1425 3325 note
1489 3258 1961 3325 observationis
2029 3255 2368 3321 diffinitive
2424 3278 2501 3321 ac
2558 3260 2993 3322 excommuni-

439 3367 712 3433 cationis
771 3369 1238 3433 sententiarum
1293 3366 1395 3431 vel
1457 3366 1657 3431 solius
1718 3364 2398 3430 excommunicationis
2462 3385 2578 3448 per
2639 3386 2881 3429 annum
2928 3373 2995 3429 et

438 3472 718 3557 amplius
764 3474 1039 3542 tolerate
1084 3480 1366 3558 quatuor
1413 3472 1719 3537 similium
1765 3472 2260 3538 Turonensium.

614 3579 745 3646 Pro
777 3582 1172 3646 correctione
1204 3580 1602 3646 revocatorie
1637 3578 1797 3643 duas
1820 3579 2290 3664 appellationes
2311 3578 2701 3643 continentis
2723 3579 2993 3644 duorum

439 3687 745 3752 similium
790 3688 1283 3753 Turonensium.

614 3793 745 3860 Pro
794 3796 1192 3860 correctione
1239 3794 1507 3860 alterius
1553 3794 1956 3862 revocatorie
2003 3795 2194 3859 unius
2242 3792 2698 3877 appellationis
2747 3794 2990 3876 absque

436 3902 833 3967 narrationis
880 3902 1327 3986 magnitudine
1374 3903 1565 3966 unius
1614 3901 1844 3966 similis
1891 3901 2307 3966 Turonensis

613 4009 743 4074 Pro
800 4009 1198 4074 correctione
1253 4016 1406 4074 note
1463 4016 1690 4075 contra
1744 4008 2142 4074 feudatarios
2200 4007 2559 4072 alienantes
2615 4006 2812 4072 feuda
2859 4008 2988 4070 sine

439 4116 878 4201 ndominorum
924 4116 1511 4181 ecclesiasticorum
1557 4137 1828 4181 assensu
1874 4116 2065 4180 unius
2113 4115 2339 4179 similis
2388 4114 2802 4179 Turonensis,

612 4218 742 4290 Pro
808 4223 1205 4290 correctione
1264 4230 1416 4289 note
1476 4229 1706 4289 contra
1766 4223 2138 4288 censuarios
2200 4221 2476 4288 dominis
2538 4222 2987 4286 ecclesiasticis

437 4351 667 4396 census
715 4328 991 4397 debitos
1014 4353 1143 4395 non
1191 4331 1512 4398 solventes
1561 4331 1839 4395 duorum
1886 4328 2195 4394 similium
2242 4328 2733 4394 Turonensium.

614 4436 743 4503 Pro
782 4439 1180 4503 correctione
1220 4437 1697 4503 conservatoris
1730 4436 2072 4502 triennalis
2104 4441 2333 4502 contra
2361 4435 2739 4519 predonum,
2778 4441 2986 4519 rapto-

436 4567 580 4609 rum
613 4549 678 4610 et
708 4545 1079 4610 invasorum
1111 4544 1444 4610 audatiam
1477 4566 1594 4629 pro
1630 4545 1945 4628 exemptis
1979 4549 2045 4607 et
2075 4565 2205 4607 non
2238 4544 2553 4627 exemptis
2587 4541 2998 4624 regularibus

437 4653 710 4717 duorum
758 4653 1064 4717 similium
1110 4651 1603 4718 Turonensium.
