3242 5184
1218 261 1706 324 -107—

183 433 609 500 Innocentius
663 457 854 519 papa,
911 436 1328 519 predecessor
1381 444 1619 519 noster,
1668 458 1868 522 prope
1912 437 2250 503 basilicam
2298 437 2740 522 apostolorum

185 542 501 626 principis
549 541 704 607 fecit
746 544 813 607 in
861 549 1067 608 strata
1111 543 1372 627 publica
1418 545 1687 609 ecclesie
1717 544 2010 609 Romane
2042 544 2406 629 sumptibus
2436 545 2743 626 construi,

186 649 504 715 tenemini
549 655 731 714 tanto
780 650 1157 734 ampliorem
1202 658 1496 736 prestare
1542 651 1849 734 favorem,
1898 658 2141 735 quanto
2173 673 2252 717 ex
2297 650 2420 717 hoc
2464 652 2745 735 gratiam

188 761 484 822 nostram
548 757 843 840 poteritis
907 756 1159 841 plenius
1223 761 1613 842 promereri,
1703 760 1760 823 si
1821 760 1887 823 in
1960 765 2094 823 tam
2164 758 2481 824 laudabili
2553 779 2747 842 opere

187 863 485 928 membra
539 865 984 929 consenserint
1038 865 1236 949 capiti
1292 872 1359 930 et
1411 872 1631 949 partes
1691 865 1969 931 faverint
2013 888 2130 930 suo
2176 866 2317 931 toti.
2409 866 2746 931 Monemus

188 970 389 1052 igitur
454 969 906 1036 discretionem
971 978 1253 1037 vestram
1317 979 1384 1037 et
1446 973 1864 1041 exhortamur
1920 974 2230 1039 attentius
2296 978 2362 1037 et
2422 993 2540 1057 per
2594 995 2746 1055 apo-

190 1078 425 1143 stolica
470 1077 653 1143 vobis
687 1080 930 1162 scripta
959 1079 1369 1163 precipiendo
1403 1080 1805 1162 mandamuS,
1840 1082 2148 1163 quatinus
2196 1079 2432 1162 singuli
2462 1085 2748 1144 vestrum

158 1185 657 1269 „parrochianos
704 1208 852 1251 suos
900 1192 1207 1252 moneant
1236 1186 1624 1270 diligentius
1658 1195 1724 1253 et
1752 1187 2065 1253 inducant
2102 1194 2169 1253 et
2199 1208 2278 1252 ex
2307 1193 2492 1270 parte
2524 1193 2751 1252 nostra

189 1293 257 1356 in
304 1292 754 1357 remissionem
800 1293 893 1357 eis
925 1300 1340 1377 peccatorum
1381 1296 1741 1378 iniungant,
1789 1302 1863 1360 ut
1890 1295 2145 1378 nuncijs
2176 1294 2515 1378 hospitalis
2545 1294 2750 1378 ipsius

189 1406 380 1482 grata
427 1398 719 1465 subsidia
764 1406 832 1465 et
874 1400 1015 1484 pias
1050 1402 1431 1467 elemosinas
1477 1401 1856 1486 largiantur,
1902 1403 1998 1467 ita
2026 1408 2118 1484 ut,
2151 1400 2324 1484 quod
2355 1400 2750 1485 pauperibus

192 1506 588 1571 contulerint
646 1528 762 1590 per
824 1530 1055 1573 manus
1111 1530 1333 1574 eorum
1388 1511 1455 1573 in
1510 1515 1720 1591 terris,
1788 1508 1911 1573 sibi
1958 1531 2075 1592 per
2119 1531 2348 1573 manus
2393 1529 2750 1591 pauperum

190 1614 673 1678 thesaurizent1
718 1615 787 1678 in
834 1615 1006 1680 celis.
1099 1615 1387 1681 Litteras
1444 1618 1672 1699 etiam,
1720 1639 1883 1699 quas
1930 1615 2239 1681 fratribus
2285 1617 2443 1699 ipsis
2493 1637 2748 1680 conces-

190 1722 418 1802 simuS,
484 1723 929 1805 parrochianis
992 1725 1223 1787 vestris
1290 1723 1631 1806 diligenter
1694 1731 1759 1788 et
1810 1723 2089 1788 fideliter
2145 1723 2510 1807 exponatis,
2569 1744 2748 1786 man-

189 1829 419 1894 datum
485 1836 777 1894 nostrum
842 1829 1061 1895 taliter
1112 1830 1469 1914 impleturi,
1530 1831 1703 1914 quod
1752 1853 1829 1896 ex
1875 1830 1997 1895 hoc
2043 1836 2260 1914 preter
2306 1829 2520 1894 divine
2565 1831 2749 1894 retri-

190 1936 207 2025 21
244 1936 534 2001 butionis
581 1937 859 2019 gratiam
905 1960 1024 2003 nos
1073 1938 1254 2003 vobis
1304 1945 1370 2003 et
1415 1937 1707 2022 ecclesijs
1755 1938 1985 2002 vestris
2032 1937 2263 2002 fortius
2312 1921 2631 2020 obligetis,
2722 1992 2727 1997 .
2792 1933 2835 1986 F
2837 1933 2908 1988 01·
2947 1932 3067 1986 56¹³.

463 2204 878 2270 Fratribus
927 2205 1220 2270 ordinis
1266 2190 1859 2290 predicatorum.

375 2364 471 2429 Ne
528 2388 643 2448 pro
700 2388 803 2447 e0,
861 2365 1034 2449 quod
1082 2365 1459 2449 dyocesanis
1508 2367 1827 2451 episcopis
1875 2366 2161 2431 debitam
2207 2365 2641 2430 obedientiam
2689 2372 2754 2430 et

190 2474 625 2552 reverentiam
673 2473 1009 2554 exhibetis,
1057 2475 1496 2540 institutiones
1541 2475 1739 2538 vestri
1787 2473 2030 2538 ordinis
2088 2472 2374 2537 subverti
2422 2474 2754 2554 contingat

191 2580 260 2643 in
309 2601 506 2661 grave
552 2580 755 2663 ipsius
805 2579 1088 2644 ordinis2
1135 2581 1609 2662 detrimentum,
1650 2580 1965 2662 volumuS,
2012 2587 2087 2645 ut
2118 2579 2477 2664 episcopis3
2521 2580 2752 2644 vestris

190 2686 589 2770 impendatis
636 2686 1068 2752 obedientiam
1117 2695 1182 2752 et
1226 2689 1653 2753 reverentiam
1718 2686 2002 2752 debitam
2059 2694 2124 2751 et
2179 2686 2495 2768 devotam,
2557 2686 2752 2750 salvis
2783 2666 2817 2711 ·”

194 2795 479 2858 maxime
527 2795 699 2859 circa
742 2795 1212 2860 institutionem
1260 2802 1326 2860 et
1362 2795 1845 2860 destitutionem
1878 2795 2165 2878 priorum
2198 2799 2554 2858 vestrorum
2587 2794 2752 2858 eius-

193 2902 349 2966 dem
412 2900 656 2966 ordinis
720 2902 1055 2967 institutis,
1166 2902 1340 2967 Nulli
1415 2923 1565 2986 ergo
1632 2908 1752 2967 etc.
1827 2908 2047 2967 nostre
2120 2901 2553 2966 concessionis
2631 2906 2751 2965 etc.

191 3008 266 3074 Si
315 3010 462 3091 quis
511 3015 631 3073 etc.
1997 3008 2006 3019 “

467 3220 831 3288 Eisdem4.

377 3365 540 3431 Cum
598 3372 1043 3450 paupertatem
1101 3372 1167 3431 et
1219 3367 1416 3431 vitam
1474 3366 1905 3450 profiteamini
1951 3367 2334 3450 regularem,
2382 3366 2754 3431 insistentes

199 3496 278 3538 ex
310 3475 440 3557 pic,
491 3494 682 3555 quem
729 3473 910 3538 vobis
959 3473 1256 3538 dominus
1304 3475 1662 3558 inspiravit,
1712 3474 1946 3539 affectu
1993 3474 2527 3557 evangelizationi
2576 3474 2756 3538 verbi

198 3581 325 3662 dei,
374 3602 504 3662 quo
551 3581 827 3663 populus
861 3581 1249 3646 christianus
1281 3603 1547 3647 numero
1581 3588 1649 3647 et
1692 3581 1921 3646 merito
1954 3581 2322 3665 ampliatur,
2372 3564 2758 3645 auctoritate

196 3687 642 3772 presentium⁵
685 3687 1070 3770 inhibemus,
1119 3710 1200 3753 ne
1246 3689 1391 3770 quis
1438 3695 1589 3773 post
1634 3687 1877 3753 ordinis
1923 3689 2120 3753 vestri
2160 3688 2626 3772 professionem
2674 3688 2756 3753 ab

199 3794 429 3859 ordine
460 3794 601 3877 ipso
636 3795 773 3859 sine
812 3796 910 3859 sui
943 3796 1176 3879 prioris
1209 3795 1503 3861 discedat
1532 3795 1815 3877 licentia,
1850 3794 2286 3860 discedentem
2323 3817 2474 3860 vero
2508 3795 2759 3878 absque

200 3902 505 3967 cautione
533 3901 901 3966 litterarum
938 3908 1298 3967 vestrarum
1332 3905 1718 3969 auctoritate
1755 3903 2085 3988 [alicuius]
2118 3902 2433 3985 privilegij
2473 3902 2555 3966 ab
2604 3924 2758 3986 apo-

200 4008 435 4073 stolica
491 4007 644 4074 sede
697 4009 932 4073 indulti
986 4009 1202 4074 nullus
1261 4010 1500 4076 audeat
1559 4011 1857 4076 retinere.
1953 4008 2200 4091 Quodsi
2258 4010 2402 4091 quis
2450 4008 2614 4073 forte
2660 4030 2758 4072 re-

201 4117 410 4182 tinere
474 4117 967 4200 presumpserit,
1032 4117 1280 4182 licitum
1345 4118 1526 4183 vobis
1593 4118 1680 4182 sit
1740 4119 1808 4181 in
1871 4118 2046 4201 ipsos
2112 4116 2344 4181 fratres
2399 4114 2758 4198 regularem

386 4367 403 4398 ¹
442 4366 518 4420 Es
571 4367 730 4421 stand
777 4368 834 4420 in
881 4367 1251 4423 thesaurizent
1297 4368 1370 4422 da
1389 4410 1402 4437 ‚
1458 4370 1516 4422 in
1563 4367 2010 4437 unterpunktiert
2060 4367 2175 4420 und
2220 4362 2518 4421 ausserdem
2565 4329 2759 4420 durch-

203 4456 532 4527 gestrichen.
687 4456 709 4488 2
753 4456 861 4511 Die
906 4457 1132 4511 Worter
1181 4457 1428 4513 subverti
1469 4488 1531 4496 —
1572 4457 1780 4512 ordinis
1825 4455 2163 4512 wiederholt.
2247 4455 2365 4510 Das
2409 4457 2600 4510 zweite
2645 4454 2762 4509 Mal

207 4546 381 4601 durch
405 4545 859 4602 Unterstreichen
897 4547 999 4599 mit
1034 4546 1324 4601 derselben
1361 4547 1527 4601 Tinte
1562 4546 1777 4616 getilgt.
1956 4545 1978 4576 ³
2014 4564 2045 4599 e
2082 4563 2181 4599 aus
2217 4547 2234 4597 i
2273 4545 2418 4599 korr.
2588 4543 2611 4574 ⁴
2648 4543 2758 4599 Am

206 4635 363 4694 Ende
400 4637 499 4692 der
534 4635 1026 4709 vorhergehenden
1062 4636 1226 4693 Zeile.
1409 4637 1430 4669 ⁵
1466 4653 1561 4692 um
1597 4653 1708 4693 von
1745 4637 1978 4693 anderer
2013 4635 2183 4693 Hand
2218 4635 2357 4693 iiber
2392 4633 2490 4693 der
2526 4633 2689 4695 Zeile.
