3242 5184
170 1639 288 1693 Fol.
332 1644 432 1694 106
444 1647 483 1693 ⁸.

1546 292 2034 356 -202—

527 485 810 529 summas
859 487 978 529 sua
1023 466 1264 531 salaria
1307 468 1528 533 taliter
1572 468 2004 549 moderentur,
2055 466 2226 550 quod
2260 468 2541 533 divinam
2571 489 2700 532 non
2736 467 3070 531 incurrant

526 569 856 653 offensam,
904 592 1023 637 nec
1055 574 1355 656 expediat
1387 596 1578 657 super
1609 575 1731 640 hoc
1762 574 1841 639 de
1873 575 2000 640 alio
2034 580 2349 657 oportuno
2394 573 2678 639 remedio
2724 572 3066 656 provideri.

526 677 810 760 Quodsi1
864 677 1068 761 forte,
1134 687 1480 763 postquam
1546 689 1928 746 conventum
1973 680 2171 746 fuerit
2213 703 2331 764 pro
2379 701 2573 745 cause
2618 681 3069 763 prosecutione

524 785 604 849 de
669 790 844 850 certo
911 785 1148 851 salario
1212 793 1485 870 patrono
1540 788 1641 852 vel
1697 790 2104 872 procuratori
2160 787 2491 869 solvendo,
2559 788 2904 870 contigerit
2957 808 3071 870 per

523 889 889 956 Romanum
917 893 1289 976 pontificem
1336 895 1580 978 absque
1628 896 1757 960 alia
1792 896 1907 960 lite
1954 896 2283 978 negotium
2327 895 2666 959 terminari
2710 894 2811 958 vel
2846 898 3069 976 partes

523 998 880 1063 adinvicem
927 1001 1317 1066 concordare
1374 1002 1475 1067 vel
1522 1024 1677 1067 casu
1722 1002 1989 1067 fortuito
2053 1003 2119 1065 in
2183 1022 2527 1084 personam
2591 1001 2892 1066 advocati
2958 1021 3068 1064 3611

521 1106 959 1188 procuratoris
1012 1106 1115 1171 vel
1169 1108 1363 1172 etiam
1419 1109 1707 1174 clientuli
1754 1110 2163 1192 contingente
2210 1130 2250 1172 a
2293 1108 2409 1172 lite
2453 1107 2759 1173 inchoata
2804 1107 3069 1187 cessari,

523 1213 877 1295 equitatem
915 1212 1298 1296 proferendo
1341 1216 1539 1299 rigori
1583 1217 1900 1298 volumuS,
1950 1215 2122 1298 quod
2155 1216 2398 1280 dictum
2432 1215 2740 1279 salarium
2777 1214 2873 1278 eis
2923 1235 3068 1278 con-

520 1323 782 1383 ventum
814 1326 1144 1402 nequeant
1186 1327 1426 1403 petere,
1459 1344 1695 1405 ymmo,
1745 1324 1798 1387 si
1836 1322 2002 1389 forte
2047 1324 2114 1385 in
2160 1327 2370 1386 totum
2416 1322 2518 1386 vel
2562 1323 2628 1385 in
2675 1325 2935 1403 partem
2982 1321 3069 1384 eis

520 1424 717 1490 fuerit
744 1427 1167 1510 persolutum,
1206 1429 1368 1494 illud
1412 1431 1586 1511 parti
1628 1430 1901 1494 solventi
1931 1430 2273 1494 restituere
2304 1433 2672 1494 teneantur.
2751 1426 2821 1493 Si
2853 1434 3068 1492 tamen

521 1533 588 1595 in
634 1533 874 1598 talibus
922 1535 1133 1598 causis
1177 1541 1491 1618 patronus
1525 1558 1639 1601 seu
1677 1542 2058 1619 procurator
2092 1536 2363 1602 forsitan
2392 1534 2772 1616 laborarint,
2806 1536 2878 1599 in
2926 1556 3068 1599 con-

522 1639 952 1704 sistorialibus
983 1661 1100 1723 per
1128 1643 1746 1724 vicecancellarium,
1788 1645 1853 1707 in
1894 1644 2038 1726 alijs
2075 1648 2099 1727 ΙΙ
2134 1665 2286 1709 vero
2319 1645 2531 1709 causis
2578 1664 2696 1726 per
2739 1642 3068 1707 auditores

522 1766 744 1810 earum
788 1747 1156 1813 huiusmodi
1200 1749 1442 1815 laboris
1491 1751 1824 1815 extimatio
1870 1750 1989 1815 fiat
2034 1757 2100 1815 et
2143 1753 2327 1816 iuxta
2372 1771 2517 1815 eam
2563 1749 2647 1814 ad
2687 1749 3069 1815 mandatum

520 1853 1026 1940 vicecancellarij
1084 1856 1184 1920 vel
1240 1857 1610 1922 auditorum
1666 1857 2104 1940 predictorum
2148 1880 2267 1941 pro
2316 1858 2488 1922 dicto
2533 1856 2758 1922 labore
2816 1878 3069 1940 compe-

519 1964 665 2023 tens
714 1959 884 2024 dicto
916 1968 1189 2043 patrono
1224 1984 1339 2028 3611
1381 1965 1790 2046 procuratori
1828 1964 2187 2030 satisfactio
2218 1964 2649 2048 impendatur.
2726 1963 3067 2029 Postremo

521 2065 762 2132 eisdem
793 2067 1124 2133 advocatis
1157 2075 1224 2134 et
1252 2071 1780 2153 procuratoribus
1813 2092 2155 2135 causarum
2185 2072 2599 2154 iniungimus,
2648 2063 2723 2135 u't
2752 2071 3069 2155 premissa

518 2172 976 2240 inviolabiliter
1022 2177 1329 2242 studeant
1373 2178 1735 2242 observare.
1830 2175 2115 2242 Caveant
2132 2179 2156 2217 2
2203 2179 2419 2259 etiam,
2469 2178 2641 2260 quod
2697 2177 2881 2242 ultra
2927 2199 3067 2243 con-

518 2286 780 2344 ventum
827 2282 1135 2347 salarium
1183 2266 1379 2348 etiam
1425 2285 1678 2348 ratione
1723 2284 2019 2367 palmarij
2069 2284 2169 2348 vel
2217 2285 2379 2349 alias
2426 2283 2622 2348 nichil
2664 2285 2932 2349 omnino
2960 2284 3067 2348 lite

518 2387 839 2470 pendente
894 2390 1230 2472 recipiant,
1281 2396 1852 2473 quantumcunque
1902 2392 2104 2472 gratis
2152 2391 2463 2472 oblatum,
2511 2412 2632 2456 nec
2679 2413 2831 2456 cum
2881 2391 3067 2456 clien-

519 2494 673 2559 tulis
691 2494 795 2558 vel
827 2495 971 2579 alijs
1003 2518 1120 2578 pro
1152 2497 1311 2578 ipsis
1344 2503 1747 2562 contractum
1780 2497 2033 2562 inhiant
2065 2498 2139 2583 [l]
2173 2518 2292 2562 1166
2323 2499 2609 2580 aliquam
2640 2498 2893 2562 faciant
2923 2519 3066 2582 pac-

518 2601 778 2665 tionem.
857 2600 1208 2684 Alioquin3
1254 2603 1336 2667 ad
1368 2605 1845 2669 restitutionem
1878 2603 2057 2686 dupli
2088 2605 2247 2685 eius,
2296 2604 2470 2687 quod
2500 2607 2872 2688 receperint
2902 2605 3067 2670 ultra

519 2705 758 2771 dictam
791 2710 1297 2792 conventionem,
1345 2717 1691 2776 teneantur
1734 2712 1918 2776 nulla
1962 2712 2340 2776 remissione
2385 2712 2590 2794 partis
2638 2713 2705 2776 in
2751 2710 2881 2776 hoc
2926 2731 3065 2794 pro-

518 2812 756 2896 futura,
806 2821 872 2879 et
916 2821 1284 2880 contractus
1334 2823 1400 2881 et
1440 2809 1776 2899 pactiones
1822 2817 2192 2882 huiusmodi
2236 2817 2484 2883 iuribus
2531 2841 2660 2883 non
2708 2818 3066 2884 subsistant

519 2926 585 2984 et
638 2921 802 2986 alias
848 2943 965 3004 per
1011 2922 1285 2987 eundem
1330 2925 1929 2990 vicecancellarium
1973 2925 2041 2987 in
2087 2926 2299 2990 causis
2348 2925 2940 3007 consistorialibus,
3003 2925 3064 2988 in

519 3027 662 3111 alijs
682 3049 831 3093 vero
865 3030 1077 3094 causis
1109 3050 1225 3113 per
1255 3030 1583 3096 auditores
1617 3053 1859 3112 earum,
1881 3039 2076 3115 prout
2105 3033 2197 3096 eis
2217 3033 2424 3096 visum
2455 3031 2669 3114 fuerit,
2691 3034 3059 3115 puniantur.

518 3133 587 3200 Si
634 3136 820 3218 quis4
865 3142 1083 3201 autem
1130 3138 1499 3202 eorumdem
1530 3145 2024 3221 procuratorum
2056 3145 2121 3204 et
2152 3139 2613 3204 advocatorum
2642 3139 2821 3203 ultra
2852 3138 3059 3204 mode-

516 3244 800 3308 rationes
845 3243 1213 3309 huiusmodi
1259 3246 1595 3327 quitquam
1641 3247 1977 3329 receperit,
2027 3247 2222 3311 etiam
2270 3267 2310 3310 a
2339 3245 2613 3328 volente,
2662 3246 2747 3311 ad
2793 3246 3056 3330 duplum

517 3350 684 3431 eius,
752 3349 923 3432 quod
986 3350 1158 3415 ultra
1219 3354 1561 3436 receperit,
1626 3352 2096 3418 restituendum
2160 3352 2464 3417 clientulo
2522 3354 2591 3417 in
2646 3354 2863 3418 causis
2919 3374 3055 3418 con-

516 3456 947 3523 sistorialibus
995 3479 1113 3541 per
1140 3458 1760 3542 vicecancellarium,
1808 3461 1876 3524 in
1926 3460 2071 3543 alijs
2102 3481 2253 3524 vero
2298 3481 2417 3543 per
2462 3459 2790 3525 auditores
2841 3480 3055 3525 causa-

513 3579 660 3627 rum
705 3564 952 3646 absque
995 3564 1110 3629 lite
1157 3570 1223 3629 et
1253 3565 1687 3648 appellatione
1720 3566 2013 3648 qualibet
2041 3587 2158 3650 per
2189 3587 2527 3631 censuram
2560 3566 3055 3631 ecclesiasticam

517 3670 1004 3754 compellantur,
1051 3671 1230 3735 nulla
1261 3673 1354 3736 613
1398 3673 1466 3736 111
1511 3672 1638 3756 hijs
1684 3674 2061 3738 remissione
2106 3674 2207 3738 vel
2255 3672 2599 3738 donatione
2642 3672 2821 3738 facta
2853 3695 2892 3738 a
2921 3692 3054 3756 par-

514 3775 690 3841 tibus
734 3776 1032 3841 valitura.
1124 3776 1508 3843 Premissis⁵
1566 3800 1824 3863 quoque
1884 3778 2292 3844 adiciendum
2355 3778 2782 3862 providimus,
2849 3786 2947 3859 ut,
3007 3776 3054 3840 si

515 3882 670 3947 dicti
702 3883 998 3948 advocati
1034 3884 1135 3950 vel
1180 3892 1631 3966 procuratores
1679 3889 1889 3952 minus
1937 3885 2216 3951 fideliter
2260 3886 2362 3950 vel
2407 3886 2809 3969 negligenter
2840 3903 3053 3952 causas

515 3996 883 4073 assumptas
932 3990 1191 4056 duxisse
1238 4012 1352 4056 3611
1399 3992 1712 4058 direxisse
1757 3993 1859 4057 vel
1904 3994 2184 4059 scienter
2230 3993 2468 4058 malam
2514 4015 2779 4058 causam
2823 3993 2923 4058 vel
2951 3993 3053 4055 im-

696 4205 713 4236 ¹
750 4204 970 4275 Desgl.:
1024 4205 1160 4274 quid
1214 4203 1312 4258 fiet
1358 4206 1427 4259 de
1473 4206 1699 4275 salari0,
1749 4208 1795 4259 si
1840 4212 2025 4276 partes
2070 4209 2182 4259 sint
2218 4208 2511 4261 concordes
2547 4208 2639 4263 vel
2677 4209 2813 4272 alias
2849 4210 2906 4260 in
2939 4219 3053 4258 casu

512 4293 764 4347 fortuito.
912 4293 932 4324 ²
969 4293 1079 4347 Am
1116 4293 1311 4348 Raude
1348 4294 1528 4348 rechts
1564 4312 1676 4349 von
1715 4294 2005 4349 derselben
2042 4295 2348 4367 fliichtigen
2374 4296 2538 4351 Hand
2576 4299 2683 4352 wic
2720 4296 2883 4352 oben:
2921 4290 3051 4364 quod

511 4399 624 4436 non
660 4384 930 4452 recipiant
965 4383 1113 4436 ultra
1149 4382 1410 4436 salarium
1449 4386 1618 4438 etiam
1655 4386 1827 4453 gratis
1852 4382 2119 4438 oblatum.
2270 4385 2292 4415 ³
2326 4384 2545 4455 Desgl.:
2577 4388 2625 4439 si
2650 4392 2838 4440 contra
2861 4382 3048 4448 feccrit,

515 4475 733 4525 tenetur
770 4471 842 4525 ad
879 4473 1296 4525 restitutionem.
1442 4471 1465 4502 ⁴
1502 4471 1720 4541 Desgl.:
1759 4471 2016 4526 advocati
2054 4479 2110 4527 et
2145 4480 2529 4543 procuratores
2566 4475 2717 4529 ultra
2751 4475 3050 4543 recipientes

513 4559 754 4627 qualiter
797 4564 1114 4614 tractentur.
1273 4560 1294 4591 ⁵
1331 4560 1548 4631 Desgl.:
1588 4560 1657 4614 de
1693 4578 1838 4631 pena
1876 4563 2271 4618 advocatorum
2312 4569 2368 4617 et
2401 4569 2815 4634 procuratorum
2850 4564 3051 4632 propter

513 4646 896 4702 infidelitatem
932 4649 1023 4703 vel
1059 4649 1456 4720 negligentiam
1495 4656 1596 4704 etc.
