3242 5184
1273 285 1577 349 -157
1674 325 1851 384 --v

218 463 562 546 antipape,
612 463 725 545 qui
785 483 856 527 se
896 460 1291 526 Clementem
1340 463 1687 546 septimum
1733 462 2045 541 nominat,
2094 459 2372 525 Iohanni
2419 460 2573 525 olim
2607 460 2797 526 'tituli

220 570 444 633 sancti
493 569 828 650 Marcelli,
894 568 1065 633 dicto
1113 569 1557 650 Ambianensi,
1626 568 1728 633 etl
1784 566 2069 633 Geraldo
2136 567 2291 632 olim
2352 567 2529 632 tituli
2591 571 2799 632 sancti

219 675 606 757 ClementiS,
655 675 826 739 dicto
858 675 1126 740 Maioris
1171 674 1573 758 monasterij,
1621 674 2003 758 presbiteris
2049 678 2139 759 (et
2182 674 2379 739 Petro
2427 674 2580 739 olim
2625 675 2800 739 tituli

220 783 445 847 sancti
540 782 878 866 Eustachij
981 782 1329 867 dyacono)2
1424 782 1595 846 dicte
1687 781 1956 847 ecclesie
2038 781 2521 862 cardinalibus,
2586 781 2799 864 perdi-

216 891 427 954 tionis
495 888 647 973 filijs
712 891 882 953 iusto
949 889 1053 953 dei
1115 888 1351 953 iudicio
1418 891 1806 955 auctoritate
1880 889 2240 972 apostolica
2312 888 2799 972 condempnatis

219 1004 288 1060 et
367 1018 598 1062 eorum
692 996 1078 1078 sequacibus
1171 1016 1248 1059 ac
1330 995 1637 1060 dantibus
1720 997 1812 1062 eis
1893 996 1996 1060 vel
2068 1015 2290 1060 eorum
2363 995 2557 1059 alicui
2621 997 2800 1060 auxi-

218 1105 389 1167 lium
413 1155 429 1186 ,
510 1103 847 1168 consilium
910 1102 1012 1167 vel
1072 1101 1386 1183 favorem,
1465 1104 1927 1185 cuiuscumque
2002 1102 2245 1167 fuerint
2317 1103 2799 1185 preeminentie,

219 1210 503 1291 ordiniS,
550 1209 899 1292 religionis,
948 1208 1333 1273 conditionis
1381 1214 1497 1274 aut
1544 1215 1781 1291 status,
1831 1210 2029 1274 etiam
2076 1211 2131 1274 si
2175 1208 2552 1294 pontificali,
2599 1210 2801 1291 regali

220 1338 344 1381 seu
365 1316 651 1399 reginali
670 1317 771 1382 vel
803 1316 1030 1399 quavis
1051 1315 1182 1379 alia
1218 1315 1627 1400 prefulgeant
1658 1317 1993 1399 dignitate,
2029 1318 2224 1381 etiam
2248 1319 2302 1380 si
2322 1316 2563 1381 fuerint
2581 1323 2802 1381 sancte

219 1424 535 1488 Romane
583 1422 852 1487 ecclesie
901 1422 1282 1504 cardinales,
1341 1444 1457 1488 seu
1511 1423 1660 1507 alijs
1718 1423 2234 1506 quibuscumque
2289 1445 2407 1506 per
2463 1424 2801 1489 ecclesiam

221 1531 566 1596 denotatis
613 1530 715 1595 vel
760 1531 827 1594 in
859 1535 1190 1614 posterum
1223 1529 1631 1611 denotandis,
1665 1530 1976 1613 quamdiu
2009 1537 2194 1595 extra
2224 1530 2502 1613 gratiam
2536 1538 2602 1596 et
2632 1551 2800 1596 com-

218 1639 613 1701 munionem
677 1637 849 1701 sedis
905 1635 1194 1721 predicte
1239 1636 1734 1720 permanebunt,
1782 1659 1911 1703 non
1959 1637 2128 1702 dabo
2176 1637 2403 1719 quovis
2451 1637 2641 1702 modo
2686 1658 2804 1720 per

220 1765 332 1809 me
395 1746 504 1809 vel
559 1743 759 1808 alium
826 1743 1069 1807 directe
1133 1743 1235 1807 vel
1289 1743 1633 1825 indirecte,
1691 1743 1948 1828 publice
2003 1743 2105 1807 vel
2162 1742 2411 1808 occulte
2468 1745 2799 1825 auxilium,

222 1850 581 1916 consilium
618 1849 720 1914 vel
765 1848 1049 1915 favorem
1082 1870 1216 1913 ¹nec
1247 1850 1329 1915 ab
1379 1849 1525 1934 alijs
1548 1901 1563 1932 ,
1615 1856 1943 1932 quantum
1988 1851 2055 1913 in
2101 1871 2204 1914 me
2249 1849 2450 1915 fuerit
2492 1856 2557 1915 et
2601 1851 2800 1935 impe-

223 1955 376 2020 dire
401 1960 430 1999 3
476 1963 722 2040 potem,
772 1956 913 2023 dari
958 1959 1351 2040 permittam,
1402 1957 1513 2021 sed
1554 1978 1664 2022 eos
1697 1956 2052 2023 secundum
2081 1978 2272 2040 posse
2309 1978 2556 2038 meum,
2600 1957 2803 2023 donec

221 2068 731 2143 convertantur,
789 2065 970 2128 iuxta
1007 2084 1369 2146 processus,
1426 2070 1621 2147 prout
1674 2066 1916 2129 iustum
1969 2062 2185 2145 fuerit,
2242 2083 2616 2146 persequar.
2696 2063 2803 2129 Sic

220 2190 333 2234 me
395 2168 554 2233 deus
606 2169 869 2234 adiuvet
918 2176 983 2234 et
1027 2170 1147 2234 hec
1194 2176 1423 2234 sancta
1470 2170 1573 2235 dei
1620 2171 1974 2253 evangelia.

481 2471 730 2554 {lAnno
764 2471 1054 2537 domini
1093 2472 1504 2537 millesimo
1534 2472 2084 2538 trecentesimo
2115 2474 2358 2556 primo
2391 2474 2466 2559 [Ξ]
2515 2495 2555 2537 a
2601 2475 2801 2537 nati-

604 2578 847 2642 vitate
917 2579 1458 2643 sanctissimus
1525 2579 1602 2643 in
1662 2578 1972 2644 Christo
2011 2586 2262 2662 pater
2317 2586 2390 2643 et
2452 2579 2801 2645 dominus

609 2684 957 2749 dominus
1004 2684 1390 2750 Iohannes
1451 2684 1714 2750 divina
1772 2686 2277 2769 providencia
2333 2707 2533 2770 papa
2575 2686 2800 2752 XXII.

604 2791 1137 2858 ordinationes
1185 2791 1775 2876 infrascriptaS,
1815 2813 2002 2874 quas
2051 2793 2259 2858 circa
2303 2791 2803 2859 reformacio-

603 2918 770 2962 nem
848 2898 1287 2963 auditorum
1352 2905 1427 2963 et
1488 2899 1968 3005 notariprum
2032 2899 2310 2982 palatij
2381 2901 2803 2983 apostolici

604 3003 927 3085 fecerat,
960 3004 1356 3069 mandavit
1383 3026 1520 3088 per
1549 3027 1686 3070 nos
1719 3004 2071 3087 Petrum,
2120 3005 2240 3070 dei
2285 3007 2546 3087 gratia
2604 3007 2802 3090 epis-

608 3132 872 3194 copum
919 3111 1487 3193 Penestrinum,
1538 3118 1805 3176 sancte
1849 3111 2186 3177 Romane
2233 3112 2558 3177 ecclesie
2604 3113 2802 3183 vice<

604 3217 1057 3299 cancellarij
1110 3217 1455 3283 officium
1502 3223 1921 3300 gerentem,
1971 3218 2090 3283 die
2128 3217 2309 3282 XVI.
2345 3220 2622 3284 mensis
2656 3219 2802 3284 No-

604 3308 934 3388 vembris
995 3345 1189 3388 anno
1248 3323 1765 3408 pontificatus
1814 3325 1932 3388 sui
1981 3324 2499 3390 sextodecimo
2545 3325 2803 3408 publi-

606 3430 869 3515 cari.4n
966 3428 1301 3512 Quarum
1368 3436 1392 3514 ΙΙ
1460 3431 1764 3513 quidem
1853 3431 2425 3496 ordinationum
2493 3437 2517 3516 ΙΙ
2584 3437 2805 3495 tenor

603 3538 789 3601 talis
839 3543 1014 3602 est.3
2210 3551 2213 3554 ’

426 3695 751 3761 Iohannes
813 3698 1154 3781 episcopus
1217 3712 1437 3761 servus
1500 3717 1830 3781 servorum
1891 3697 2012 3762 dei.
2106 3699 2213 3764 Ad
2269 3706 2652 3783 perpetuam
2711 3700 2804 3763 rei

240 3802 646 3868 memoriam.
723 3802 917 3867 Ratio
950 3804 1110 3867 iuris
1143 3805 1359 3886 exigit,
1395 3803 1684 3868 debitum
1729 3805 2090 3869 honestatis
2123 3808 2415 3888 exposcit
2446 3812 2512 3870 et
2539 3805 2802 3896 pietatis

245 3910 683 3975 consideratio
738 3910 1116 3993 persuadet,
1173 3916 1246 3974 ut
1296 3913 1361 3975 in
1420 3913 1668 3976 cunctis
1727 3912 2076 3994 dirigendis
2131 3912 2389 3994 iudicijs
2438 3917 2503 3976 et
2547 3913 2805 3976 iusticia

243 4016 679 4081 ministranda
734 4017 864 4080 sint
910 4017 1126 4098 quoad
1156 4018 1559 4102 presidentes
1605 4019 1943 4101 vigilantia
1989 4018 2302 4100 studiosa,
2349 4024 2624 4084 venusta
2670 4041 2802 4083 mo-

249 4123 484 4203 destia,
535 4122 825 4187 cordium
872 4124 1156 4206 puritaS,
1218 4124 1546 4189 mundicia
1603 4147 1914 4189 manuum
1974 4132 2038 4188 et
2096 4126 2509 4189 consiliorum
2558 4126 2803 4189 sanitas

429 4373 447 4404 ¹
485 4371 767 4427 Zwischen
804 4373 1166 4428 Ambianensi
1213 4374 1328 4427 und
1376 4372 1620 4428 Geraldo
1669 4373 2085 4444 eingeschoben.
2303 4375 2324 4406 ²
2361 4375 2478 4429 Das
2525 4378 2582 4428 in
2629 4377 2804 4429 runde

251 4461 583 4515 Klammern
621 4459 878 4516 Gesetzte
923 4464 994 4515 ist
1038 4479 1146 4517 von
1186 4462 1420 4516 anderer
1456 4461 1623 4515 Hand
1664 4463 1834 4516 durch
1873 4480 1947 4518 va
1987 4494 2048 4500 —-
2089 4470 2181 4517 cat
2215 4463 2484 4519 oberhalb
2521 4464 2620 4518 der
2656 4464 2804 4519 Zeile

248 4550 466 4621 getilgt.
611 4549 633 4581 ³
668 4550 902 4605 Hdschr.
941 4552 1210 4620 impediri.
1355 4551 1378 4582 ⁴
1415 4552 1525 4604 Am
1571 4550 1778 4605 oberen
1814 4551 2008 4606 Rande
2054 4570 2165 4609 von
2211 4555 2337 4607 and.
2376 4553 2568 4607 Hand:
2608 4556 2804 4607 consti-

248 4641 497 4694 tuciones
515 4639 802 4694 audiencie
821 4657 1126 4694 causarum.
1220 4641 1241 4670 ⁵
1276 4640 1395 4695 Der
1412 4636 1617 4695 Schluss
1637 4641 1735 4694 der
1752 4627 2045 4695 Uberschr.
2067 4659 2157 4695 am
2180 4641 2374 4696 Raude
2394 4644 2450 4694 in
2471 4642 2590 4696 drei
2599 4641 2803 4697 Zeilen.

2857 2482 2977 2537 Fol.
2999 2488 3118 2539 81⁸.
