3242 5184
194 4107 312 4161 Fol.
355 4111 420 4161 73
432 4114 470 4159 ⁸.

1526 329 1613 336 —
1711 288 1835 354 142
1926 329 2014 337 —

764 467 879 532 Ad
924 467 1143 533 idem.

674 610 842 675 Item
890 610 1292 675 confirmatio
1337 609 1716 674 libertatum
1763 616 1828 674 et
1872 610 2354 674 immunitatum
2400 611 2467 672 in
2514 608 2720 673 forma
2764 609 3041 691 generali

499 718 622 781 fuit
667 717 822 781 data
868 737 1075 798 usque
1123 716 1207 780 ad
1254 715 1392 780 dies
1439 716 1571 780 fere
1604 718 1866 782 ultimos
1900 716 2142 781 domini
2172 716 2483 781 Iohannis
2515 737 2681 799 pape
2720 721 2785 779 et
2816 715 3043 779 dentur

497 831 571 888 ut
616 825 681 887 in
729 823 976 888 cedula.

762 1019 875 1083 Ad
921 1018 1136 1084 idem.

674 1163 842 1226 Item
900 1162 1217 1226 sententie
1270 1161 1401 1226 late
1457 1161 1848 1243 ubicumque
1904 1162 1970 1224 in
2019 1161 2157 1226 foro
2205 1161 2680 1242 ecclesiastice,
2746 1161 2861 1225 ubi
2907 1183 3044 1226 con-

499 1268 670 1332 cludi
702 1274 945 1352 potest:
983 1268 1209 1350 „Sicut
1237 1268 1544 1351 provide“
1569 1274 1690 1332 etc.
1714 1267 2083 1332 confirmari
2115 1269 2342 1349 solent,
2364 1269 2432 1332 in
2470 1268 2677 1333 forma
2709 1268 3043 1333 communi.

765 1482 879 1547 Ad
925 1481 1142 1547 idem.

675 1625 843 1690 Item
898 1625 1063 1690 solet
1117 1625 1315 1690 scribi
1371 1625 1734 1709 dyocesano
1791 1632 2018 1691 contra
2072 1631 2376 1707 rectoreS,
2434 1626 2545 1708 qui
2600 1646 2717 1709 pro
2763 1625 3046 1706 exequijs

501 1740 927 1815 mortuorum,
991 1732 1547 1797 benedictionibus
1606 1732 2036 1797 inhibentium
2090 1733 2181 1818 [l]
2231 1737 2297 1796 et
2343 1732 2800 1796 ecclesiasticis
2842 1753 3045 1796 sacra-

500 1839 734 1904 mentis
781 1840 1123 1923 pecuniam
1171 1841 1437 1922 exigunt
1483 1861 1523 1904 a
1567 1839 2015 1921 parrochianis
2063 1840 2215 1903 suis

766 2035 881 2100 Ad
927 2035 1142 2101 idem.

678 2178 767 2242 Et
806 2184 1033 2243 contra
1061 2177 1310 2243 Judeos
1349 2198 1544 2261 super
1583 2178 1867 2258 decimis,
1916 2177 2434 2260 possessionibus
2474 2183 2539 2240 et
2575 2176 3049 2255 donationibuS‚

504 2306 629 2367 que
677 2307 717 2348 a
762 2285 1132 2350 christianis
1157 2285 1578 2349 >devenerunt
1623 2284 1708 2348 ad
1754 2285 1917 2349 illos,

766 2481 882 2546 Ad
929 2481 1144 2546 idem.

677 2624 845 2689 Item
879 2623 1083 2706 „Post
1112 2625 1237 2689 iter
1268 2630 1642 2708 arreptum“
1674 2629 1811 2688 tam
1842 2644 1960 2706 pro
1991 2622 2556 2706 peregrinantibus
2576 2623 2831 2687 clericis
2864 2642 3051 2704 quam

501 2753 618 2815 pro
683 2731 831 2814 alijs
894 2732 1187 2814 personis
1254 2731 1740 2813 ecclesiasticis⁷
1807 2731 1919 2813 qui
1973 2751 2173 2794 causa
2227 2728 2763 2814 peregrinationis
2823 2734 2891 2793 et
2943 2750 3051 2811 pro

504 2839 649 2921 alijs
696 2844 1013 2902 venerunt
1051 2837 1132 2902 ad
1167 2839 1433 2920 curiam,
1480 2837 1705 2902 littera
1751 2837 1891 2902 dari
1940 2837 2121 2902 solet.
2214 2837 2423 2902 Detur
2464 2858 2609 2900 cum
2648 2836 3052 2919 expressione

502 2946 787 3028 legitime
808 2967 1002 3009 cause
1035 2945 1368 3009 adventus,
1432 2944 1598 3009 Item
1633 2944 1839 3027 „Cum
1872 2943 2223 3009 secundum
2256 2944 2663 3028 apostolum“
2697 2943 2895 3007 datur
2923 2943 3053 3005 sine

504 3058 679 3117 certo
734 3052 925 3118 titulo
981 3053 1296 3117 ordinatis
1351 3058 1487 3117 tam
1542 3053 1771 3135 prima,
1831 3073 1955 3134 que
2011 3051 2311 3133 dirigitur
2365 3051 2721 3116 ordinatori
2766 3051 2871 3114 vel
2916 3069 3051 3135 pre-

504 3160 839 3241 sentatori,
890 3180 1085 3242 quam
1133 3159 1265 3223 alia
1310 3159 1652 3224 incantori.

771 3373 1242 3438 Executoria
1288 3372 1658 3455 legaturl.

681 3516 849 3580 Item
896 3515 975 3579 de
1023 3516 1363 3599 episcopiS,
1410 3515 1672 3595 regibus
1720 3521 1786 3579 et
1831 3516 2027 3578 etiam
2073 3515 2220 3597 alijs
2268 3513 2699 3596 magnatibus
2771 3514 3051 3596 Legatur

506 3624 988 3687 conservatoria
1032 3644 1149 3705 per
1193 3619 1503 3705 notariOS,
1552 3622 1820 3704 reliquis
1868 3621 2057 3685 detur
2102 3627 2169 3685 et
2214 3621 2539 3686 scribatur
2583 3620 2949 3705 ordinariJS.

771 3836 887 3900 Ad
931 3836 1147 3901 idem.

686 3978 853 4043 Item
903 3979 1222 4062 protectio
1277 3979 1743 4060 crucesignatis
1796 3984 1863 4043 et
1912 3979 2394 4044 conservatoria
2448 3978 2641 4044 datur
2690 3977 2939 4042 clericis
2986 3980 3049 4039 at

511 4086 734 4169 layciS,
781 4108 908 4151 non
951 4092 975 4170 Η
1018 4092 1237 4151 tamen
1286 4086 1604 4169 episcopis
1653 4092 1720 4150 et
1763 4085 2024 4168 regibus
2072 4086 2213 4150 sine
2256 4085 2550 4151 lectione.

687 4192 854 4257 Item
925 4192 1097 4275 quod
1163 4192 1470 4276 ordinarij
1540 4193 1644 4256 et2
1709 4192 1982 4258 abbates
2049 4193 2222 4257 circa
2286 4191 2693 4257 subditorum
2757 4211 3043 4257 excessus

511 4300 703 4383 officij
756 4301 857 4365 sui
904 4300 1195 4364 debitum
1242 4305 1666 4383 exequantur.

690 4570 707 4600 ¹
746 4568 935 4623 Davor
989 4569 1078 4623 ein
1131 4568 1197 4622 R.
1270 4568 1380 4621 Am
1435 4567 1632 4622 Rande
1687 4568 1832 4622 links
1887 4586 1997 4625 von
2051 4569 2285 4623 anderer
2328 4568 2494 4623 Hand
2541 4528 2668 4623 sehr
2711 4564 3038 4623 undeutlieh:

510 4659 824 4712 executoria
859 4658 1089 4728 legatur.
1307 4658 1329 4688 ²
1364 4645 1521 4713 [lber
1557 4657 1656 4711 der
1691 4658 1839 4712 Zeile
1875 4676 1984 4714 von
2020 4659 2253 4714 anderer
2291 4659 2472 4713 Hand.
