3242 5184
1227 276 1720 340 —155-

461 501 736 569 Forma
780 503 1199 569 iuramenti
1219 504 1261 567 ¹.

371 662 512 745 Ego
546 712 560 727 .
598 712 612 727 .
647 649 1165 749 archiepiscopus
1222 664 1304 729 ab
1359 665 1482 730 hac
1526 665 1689 730 hora
1731 665 1996 730 inantea
2040 664 2249 729 fidelis
2318 670 2386 730 et
2441 664 2748 730 obediens

214 792 310 835 ero
371 769 561 835 beato
626 769 821 836 Petro
895 778 1246 854 sancteque
1305 772 1657 856 apostolice
1703 772 1997 837 Romane
2053 772 2323 837 ecclesie
2380 779 2446 837 et
2492 771 2750 838 domino

212 898 340 942 meo
377 898 546 961 pape
578 875 891 961 Gregorio
922 879 1187 960 suisque
1234 878 1717 944 successoribus
1764 880 2070 944 canonice
2113 879 2528 944 intrantibus
2605 878 2750 943 Non

212 1005 308 1048 ero
360 985 427 1048 in
484 984 752 1049 consilio
799 990 917 1049 aut
970 1000 1288 1050 consensu
1333 986 1437 1051 vel
1480 984 1673 1066 facto,
1731 991 1806 1049 ut
1849 987 2046 1050 vitam
2093 986 2369 1069 perdant
2413 990 2529 1050 aut
2572 1006 2750 1049 men-

211 1089 318 1155 bra
376 1096 493 1156 aut
560 1091 902 1176 capiantur
964 1092 1137 1157 mala
1200 1093 1515 1176 captione.
1629 1091 1984 1157 Consilium
2051 1113 2201 1158 vero
2225 1143 2242 1175 ,
2317 1089 2492 1176 quod
2555 1090 2751 1156 michi

209 1197 506 1262 credituri
546 1203 700 1262 sunt
733 1219 851 1283 per
881 1219 951 1263 se
997 1205 1114 1264 aut
1156 1221 1273 1284 per
1317 1201 1576 1265 nuntios
1609 1220 1762 1264 suos
1796 1199 1929 1265 sive
1959 1220 2076 1284 per
2104 1199 2378 1281 litterae,
2411 1198 2497 1264 ad
2528 1219 2750 1263 eorum

209 1303 548 1389 dampnum
595 1327 697 1370 me
743 1307 987 1371 sciente
1032 1307 1271 1371 nemini
1316 1306 1616 1390 pandam,
1665 1312 1976 1390 papatum
2005 1305 2373 1371 Romanum
2414 1311 2479 1371 et
2507 1305 2754 1389 regalia

207 1412 402 1475 sancti
431 1410 618 1476 Petri
648 1412 907 1478 adiutor
938 1414 1030 1478 eis
1063 1433 1172 1478 ero
1205 1412 1288 1478 ad
1319 1412 1729 1478 retinendum
1762 1418 1828 1476 et
1858 1410 2351 1495 defendendum,
2399 1413 2576 1478 salvo
2608 1433 2752 1476 11180

205 1517 438 1600 ordine,
473 1524 702 1584 contra
732 1541 987 1584 omnem
1017 1520 1360 1585 hominem.
1410 1519 1732 1602 Legatum
1764 1519 2116 1603 apostolice
2148 1519 2320 1584 sedis
2350 1522 2419 1584 in
2449 1518 2658 1586 eundo
2689 1525 2755 1583 et

204 1623 526 1694 redeundo
590 1625 941 1691 honorifice
1003 1626 1299 1692 tractabo
1374 1632 1440 1691 et
1514 1627 1584 1690 in
1650 1627 1785 1690 suis
1849 1626 2368 1691 necessitatibus
2411 1626 2750 1691 adiuvabo,

203 1729 484 1796 Vocatus
551 1731 634 1797 ad
699 1732 1014 1815 synodum
1070 1734 1344 1814 veniam,
1410 1734 1537 1797 nisi
1589 1732 1967 1817 prepeditus
2022 1732 2205 1798 fuero
2252 1734 2564 1798 canonica
2609 1753 2752 1816 pre-

203 1839 543 1923 peditione.
662 1838 1126 1923 Apostolorum
1216 1840 1442 1905 limina
1532 1839 1804 1923 singulis
1881 1889 1895 1904 .
1966 1889 1980 1904 .
2050 1889 2064 1904 .
2160 1839 2495 1905 visitabo
2516 1840 2541 1879 2
2640 1845 2755 1904 aut

206 1967 315 2030 per
356 1967 464 2011 me
520 1951 637 2011 aut
695 1967 814 2029 per
857 1968 1074 2012 meum
1119 1948 1437 2029 nuntium,
1502 1947 1631 2012 nisi
1694 1946 2056 2031 apostolica
2113 1946 2411 2012 absolvar
2468 1947 2751 2015 licentia.

109 2060 115 2067 '
206 2053 657 2118 Possessiones
704 2073 856 2118 vero
902 2053 987 2118 ad
1033 2074 1324 2119 mensam
1368 2054 1498 2119 mei
1544 2054 1956 2137 episcopatus
1987 2055 2385 2137 pertinentes
2431 2075 2559 2119 11011
2603 2073 2753 2118 ven-

208 2160 349 2224 dam
394 2180 610 2243 neque
658 2158 913 2226 donabo
959 2182 1171 2243 neque
1215 2160 1642 2243 inpignorabo
1680 2181 1891 2243 neque
1937 2160 2017 2225 de
2049 2181 2213 2226 novo
2259 2158 2607 2225 infeudabo
2652 2158 2754 2223 vel

206 2267 418 2351 aliquo
482 2266 673 2332 modo
737 2266 1038 2333 alienabo
1104 2267 1468 2343 inconsulto
1523 2267 1820 2332 Romano
1876 2266 2200 2352 pontifice.
2294 2266 2401 2332 Sic
2445 2287 2547 2331 me
2595 2265 2753 2331 deus

205 2374 463 2439 adiuvet
510 2379 579 2439 et
621 2373 741 2438 hec
788 2379 1016 2440 sancta
1064 2373 1168 2440 dei
1213 2374 1568 2456 evangelia.

468 2640 639 2706 Ista
698 2642 1061 2707 clausula
1101 2641 1168 2726 113
1215 2641 1449 2707 debet
1511 2642 1793 2726 apponi
1850 2642 1926 2706 in
1982 2641 2317 2724 litteris,
2375 2662 2521 2725 que
2577 2643 2753 2707 mit-

558 2754 832 2813 tuntur
878 2748 1536 2813 examinatoribus
1584 2749 2017 2815 electionis.

375 2909 691 2975 Formam
754 2913 972 2974 autem
1034 2909 1403 2990 iuramenti,
1469 2909 1643 2992 quod
1698 2910 1838 2994 ipse
1899 2909 2222 2994 prestabit
2285 2909 2365 2974 de
2420 2909 2615 2975 verbo
2673 2909 2756 2974 ad

203 3016 493 3097 verbum,
539 3016 726 3081 nobis
758 3037 876 3100 per
921 3015 1209 3080 eiusdem
1255 3021 1554 3099 patentes
1600 3017 1855 3081 litteras
1903 3038 2020 3083 suo
2054 3017 2265 3100 sigillo
2304 3017 2592 3100 signatas
2640 3038 2756 3100 per

202 3125 540 3208 proprium
585 3124 885 3188 nuntium
934 3123 1309 3205 quantotius
1357 3121 1715 3188 destinetis·

1006 3270 1031 3350 ιι
1055 3263 1392 3329 Teutonici
1719 3246 1721 3248 ’
2794 3262 2913 3320 Fol.
2952 3268 3019 3317 80
3032 3271 3071 3318 ·.

1058 3370 1296 3437 Gallici

1055 3476 1304 3561 Ungari
1601 3480 1899 3565 biennijS.
1947 3481 1962 3493 “
2068 3488 2074 3495 ’

1059 3583 1497 3655 Provinciales

1057 3688 1261 3756 Siculi

1056 3834 1318 3917 Anglici
1524 3898 1536 3911 .
1677 3898 1714 3911 ..

1056 3941 1353 4025 Hyspani
1392 3842 1422 4043 }
1454 3903 1773 3981 triensz.

1055 4082 1481 4150 Ultramarini
1527 4085 1992 4169 quadriennijS.

1057 4226 1277 4398 ἓξὲξ
1310 4233 1347 4435 }
1377 4289 1646 4373 singulis
1694 4290 1900 4354 annis.

386 4546 407 4578 ²
443 4546 555 4601 Am
590 4548 748 4603 Ende
784 4548 883 4603 der
918 4552 1101 4604 ersten
1124 4547 1273 4604 Zeila
1309 4547 1407 4604 des
1442 4546 1741 4618 folgenden
1776 4547 2151 4603 Abschnittes.
2298 4547 2319 4579 ²
2354 4547 2471 4602 Vor
2516 4548 2754 4606 visitabo

213 4634 281 4695 ist
316 4637 407 4696 ein
443 4635 608 4697 Wort
642 4637 1009 4716 ausgelassen.
1155 4637 1177 4669 ³
1211 4637 1325 4697 Am
1360 4637 1518 4698 Eudo
1556 4637 1657 4697 der
1693 4636 2182 4713 vorhergehenden
2219 4636 2384 4695 Zeilc.
