3242 5184
218 2394 336 2450 Fol.
377 2399 443 2447 33
457 2401 494 2447 ⁸.

1652 352 1683 356 ,-
1776 312 2029 389 50.-

538 510 662 572 que
709 489 1062 553 coabbates
1112 494 1176 550 et
1223 494 1573 552 conventus
1622 492 1743 551 etc.
1823 486 2032 550 Item¹
2073 535 2087 550 .
2132 535 2145 550 .
2187 486 2689 569 archiepiscopis
2734 491 2860 550 etc.
2914 491 2982 550 et
3019 534 3032 547 .
3076 534 3087 547 .

538 593 908 677 abbatibus,
955 593 1282 678 prioribus
1315 599 1436 659 etc.
1531 592 1692 658 Cum
1740 592 2013 657 abbates
2046 591 2491 657 Cisterciensis
2525 591 2767 658 ordinis
2803 597 3088 675 tempore
3192 664 3193 671 ἵ

535 700 855 786 generalis
922 701 1173 785 concilij
1240 706 1360 765 etc.
1455 697 1624 763 Item
1641 698 1666 736 2
1722 698 1947 764 abbati
1995 697 2288 783 Cistercij
2353 700 2619 782 eiusque
2667 698 3089 764 coabbatibus

537 815 603 874 et
649 808 1071 875 conventibus
1109 814 1230 872 616.
1326 805 1488 871 Cum
1535 828 1575 870 a
1620 804 1808 871 nobis
1855 806 2099 889 petitur
2132 812 2253 871 etc.
2348 805 2449 870 Ex
2495 812 2682 889 parte
2729 807 2783 871 si
2833 805 3088 889 quidem

535 921 755 981 vestra
819 920 962 979 etc..
1007 913 1179 997 quod
1241 913 1532 979 nonnulli
1600 913 2019 977 ecclesiarum
2083 912 2318 995 prelati
2385 913 2620 978 vestris
2680 912 3090 979 libertatibus

535 1021 899 1089 invidentes
948 1025 1068 1085 etc.
1173 1019 1389 1085 Item3
1428 1069 1441 1084 .
1486 1069 1500 1084 .
1542 1019 1766 1084 abbati
1832 1017 2127 1104 Cistercij
2197 1021 2466 1102 eiusque
2533 1019 2972 1086 coabbatibus
3034 1025 3090 1084 et
3194 1094 3195 1101 ἵ

537 1127 956 1194 conventibus
1004 1133 1124 1193 etc.
1219 1125 1400 1192 Solet
1445 1147 1728 1191 annuere
1776 1131 1897 1191 etc.
1992 1126 2362 1210 Eapropter
2417 1132 2538 1192 etc.
2615 1148 2839 1192 omnes
2908 1125 3087 1191 liber-

536 1239 705 1300 tates
756 1240 821 1300 et
865 1234 1309 1299 immunitates
1342 1239 1462 1298 etc.
1546 1232 1759 1298 Ι161114
1798 1284 1811 1298 .
1855 1283 1869 1298 .
1911 1233 2136 1299 abbati
2168 1232 2461 1317 Cistercij
2513 1233 2783 1317 eiusque
2816 1231 3087 1298 coabba-

535 1342 710 1407 tibus
760 1347 878 1406 etc.
979 1339 1339 1423 Religionis
1393 1346 1606 1405 vestre
1655 1345 1776 1405 etc.
1882 1339 2049 1406 Sane
2105 1340 2492 1405 tenuitatem
2539 1345 2663 1405 etc.
2768 1339 2986 1405 Item⁶
3022 1389 3035 1402 .
3072 1388 3082 1401 .

538 1448 760 1514 abbati
809 1446 1099 1531 Cistercij
1152 1448 1418 1529 eiusque
1465 1445 1892 1513 coabbatibus
1926 1451 2045 1511 etc.
2124 1446 2325 1511 Iustis
2371 1447 2731 1530 petentium
2764 1452 2891 1512 etc.
2971 1444 3084 1510 Ea-

534 1561 801 1638 propter
831 1559 952 1619 etc.
1001 1560 1076 1618 ut
1118 1554 1186 1617 in
1230 1553 1591 1637 parrochijs
1639 1554 1770 1618 illis
1813 1558 1933 1619 etc.
2026 1552 2196 1618 Item
2237 1602 2250 1618 .
2294 1603 2308 1618 .
2350 1553 2685 1619 abbatisse
2731 1560 2800 1618 et
2840 1604 2854 1619 .
2901 1604 2916 1617 .
2952 1575 3083 1619 con-

536 1663 754 1726 ventui
802 1666 922 1725 etc.
1024 1661 1276 1726 Meritis
1333 1681 1516 1725 sacre
1570 1660 1898 1742 religionis
1955 1667 2075 1725 etc.
2177 1660 2348 1725 Hinc
2404 1667 2504 1726 est
2558 1661 2733 1744 quod
2788 1684 2912 1726 nos
2974 1667 3082 1724 etc.

536 1767 629 1834 Ut
681 1769 748 1832 in
813 1768 973 1852 hijs,
1032 1790 1159 1851 que
1219 1768 1406 1834 nobis
1463 1773 1840 1852 competunt
1897 1774 2017 1833 etc.
2110 1768 2279 1834 Item
2299 1768 2324 1807 ⁷
2362 1818 2377 1833 .
2420 1818 2435 1833 .
2477 1768 2704 1833 abbati
2762 1766 3086 1850 cistertij⁸

537 1876 804 1959 eiusque
851 1875 1277 1942 coabbatibus
1343 1881 1465 1939 etc.
1575 1873 1773 1940 Sacre
1838 1881 2057 1941 nostre
2121 1875 2451 1958 religionis
2515 1881 2637 1940 etc.
2769 1875 2984 1940 Item⁰
3020 1922 3082 1938 ..

539 1982 766 2048 abbati
813 1981 1096 2066 Cistertij
1117 1982 1143 2020 ⁸
1187 1983 1455 2066 eiusque
1502 1981 1931 2048 coabbatibus
1978 1986 2102 2047 etc.
2210 1982 2545 2048 Thesauro
2593 1982 2915 2046 virtutum
2973 1984 3083 2045 etc.

539 2089 799 2154 Amen.

801 2391 818 2479 Η
869 2390 1374 2474 Privilegium
1432 2391 1882 2456 monialium
1931 2392 2409 2457 inclusarum
2457 2391 2761 2457 ordinis
2825 2395 3085 2456 sancte

893 2497 1220 2563 Clare10.

713 2658 1110 2741 Religiosam
1174 2659 1376 2723 vitam
1437 2663 1559 2723 616.
1626 2679 1833 2741 usque
1898 2665 2176 2723 enervet.
2270 2658 2658 2743 Eapropter,
2724 2658 2967 2722 dilecte
3026 2656 3085 2719 in

537 2765 793 2831 Christo
857 2764 1010 2845 filie,
1074 2764 1309 2828 vestris
1370 2765 1560 2829 iustis
1614 2764 2173 2848 postulacionibus
2230 2765 2581 2830 clementer
2635 2765 2984 2830 annuimus
3028 2767 3086 2827 et

535 2872 1000 2938 monasterium
1047 2875 1270 2936 sancte
1316 2872 1421 2936 dei
1466 2871 1797 2953 genitricis
1845 2877 1911 2936 et
1939 2872 2206 2954 virginis
2243 2871 2451 2937 Marie
2484 2877 2552 2936 et
2581 2871 2792 2936 sancti
2825 2868 3080 2952 Georgij

535 2979 952 3060 Esculanum,
984 2978 1052 3042 in
1084 3000 1212 3061 quo
1247 2977 1461 3044 divino
1492 2979 1650 3042 estis
1687 2977 2000 3061 obsequio
2030 2979 2417 3062 mancipate,
2446 2979 2569 3043 sub
2601 2978 2782 3044 beati
2812 2978 2998 3044 Petri
3026 2981 3084 3041 et

535 3090 761 3151 nostra
804 3085 1204 3169 protectione
1236 3085 1622 3168 suscipimus
1655 3090 1723 3150 et
1750 3085 2074 3169 presentis
2108 3086 2333 3169 scripti
2371 3085 2707 3170 privilegio
2739 3083 3080 3152 communi·

535 3214 699 3274 mus,
730 3193 1026 3276 inprimis
1059 3191 1378 3275 siquidem
1398 3197 1779 3274 statuentes,
1812 3196 1887 3257 ut
1917 3191 2073 3256 ordo
2107 3198 2329 3257 sancte
2349 3192 2556 3275 Clare,
2591 3213 2718 3275 que
2736 3191 3080 3257 secundum

537 3299 729 3364 deum
760 3304 826 3363 et
855 3298 1145 3382 regulam
1178 3319 1218 3362 a
1248 3297 1454 3363 felicis
1485 3298 1960 3364 recordacionis
1973 3297 2241 3364 Urbano
2260 3320 2433 3382 papa
2451 3296 2612 3362 ΠΠ.
2633 3298 3079 3382 predecessore

534 3412 758 3471 nostro
792 3404 1080 3470 eiusdem
1112 3404 1356 3469 ordinis
1391 3404 1719 3470 sororibus
1739 3404 2051 3470 traditam
2071 3405 2138 3468 in
2161 3405 2386 3471 eodem
2415 3405 2557 3471 loco
2576 3405 2920 3470 institutus
2952 3423 3079 3468 esse

536 3512 894 3577 dinoscitur
938 3518 1059 3577 etc.
1108 3512 1438 3595 perpetuis
1483 3511 1727 3576 ibidem
1759 3510 2159 3596 temporibus
2199 3511 2658 3577 inviolabiliter
2691 3511 3074 3577 observetur.

537 3618 847 3683 Preterea
878 3638 1297 3701 quascunque
1327 3618 1791 3701 possessiones,
1826 3639 2207 3701 quecunque
2237 3616 2409 3682 bona
2432 3616 2606 3682 idem
2624 3620 3077 3684 monasterium

536 3725 1102 3809 impresentiarum
1132 3725 1302 3789 iuste
1334 3746 1411 3790 ac
1443 3725 1750 3789 canonice
1782 3724 2073 3809 possidet
2103 3730 2217 3789 aut
2256 3724 2323 3787 in
2354 3723 2643 3788 futurum
2676 3725 3075 3791 concessione

537 3830 934 3914 pontificum,
990 3831 1342 3914 largicione
1395 3851 1620 3914 regum
1676 3831 1776 3895 vel
1834 3831 2217 3914 principum,
2267 3830 2594 3896 oblatione
2640 3830 2932 3896 fidelium
2976 3849 3075 3895 seu

538 3938 684 4022 alijs
731 3939 919 4002 iustis
974 3937 1182 4003 modis
1237 3942 1569 4020 prestante
1618 3936 1877 4002 domino
1932 3938 2174 4021 poterit
2219 3936 2513 4021 adipisci,
2561 3937 2751 4002 firma
2794 3938 2978 4004 vobis
3020 3938 3075 3999 et

717 4135 735 4165 ¹
773 4132 1032 4188 Dariiber
1069 4138 1116 4186 2.
1155 4135 1214 4186 in
1249 4139 1397 4188 roter
1432 4132 1651 4188 Schrift.
1799 4132 1820 4165 ²
1855 4133 2115 4188 Dariiber
2152 4139 2201 4186 3.
2239 4133 2298 4186 in
2334 4152 2376 4187 r.
2404 4131 2630 4188 Schrift.
2773 4133 2796 4166 ⁸
2831 4132 3072 4189 Dariiber

538 4228 585 4276 4.
626 4224 683 4275 in
720 4240 761 4275 r.
801 4220 952 4276 Schr.
1096 4221 1119 4252 ⁴
1156 4220 1415 4277 Dariiber
1453 4227 1499 4275 5.
1539 4224 1597 4275 in
1635 4240 1676 4275 r.
1705 4220 1856 4276 Schr.
2003 4223 2026 4254 ⁵
2061 4222 2318 4277 Dat-iiber
2355 4230 2402 4276 6.
2441 4224 2501 4275 in
2536 4240 2579 4275 r.
2616 4221 2769 4277 86111.
2916 4225 2940 4255 ⁶
2973 4222 3071 4275 Da-

535 4311 702 4366 1111161
742 4315 787 4364 7.
826 4312 885 4364 in
921 4328 963 4365 r.
1003 4309 1152 4364 Schr.
1372 4311 1392 4343 ⁷
1428 4311 1689 4366 Dariiber
1726 4317 1773 4364 8.
1812 4313 1868 4364 111
1906 4329 1948 4364 1.
1988 4310 2138 4365 86111.
2346 4311 2369 4343 ⁸
2404 4311 2477 4366 So
2514 4311 2604 4364 fiir
2639 4310 2888 4382 Gistercij
2928 4311 3066 4366 oben.

537 4401 560 4433 ⁹
594 4399 853 4455 Dariiber
890 4406 938 4454 9.
978 4401 1035 4452 111
1071 4417 1114 4453 r.
1152 4398 1304 4453 Schr.
1505 4401 1550 4432 ¹⁰
1584 4400 1706 4455 Der
1740 4398 2081 4454 Rubrikator
2114 4399 2268 4455 hatte
2304 4400 2611 4454 irrtiimlich
2649 4400 2740 4455 die
2776 4395 3070 4454 Aufschrift

536 4506 648 4544 von
671 4487 790 4544 Fol.
818 4493 884 4542 25
923 4487 1262 4545 wiederholt.
1323 4489 1400 4542 Er
1434 4488 1594 4559 tilgte
1632 4488 1806 4544 daher
1841 4488 1978 4543 alles
2014 4484 2185 4544 ausser
2208 4488 2573 4560 Privilegium
2609 4489 2783 4543 durch
2819 4491 2911 4544 6111
2945 4484 3067 4543 nach

536 4577 900 4648 Privilegium
936 4577 1076 4632 tiber
1111 4578 1200 4632 die
1224 4577 1373 4633 Zeile
1408 4582 1677 4648 gesetztes
1715 4595 1789 4633 va
1825 4578 1940 4630 und
1978 4579 2069 4632 ein
2104 4583 2195 4632 cat
2229 4577 2372 4633 nach
2407 4579 2705 4634 novalium.
2768 4564 2925 4634 [lber
2958 4578 3065 4631 dem

537 4684 609 4722 va
646 4671 747 4720 etc.
785 4671 912 4738 trug
949 4685 1007 4723 er
1044 4668 1193 4723 daun
1232 4668 1320 4723 die
1357 4666 1588 4739 richtige
1629 4665 1938 4723 Aufsohrift
1971 4666 2136 4722 nach:
2179 4668 2499 4727 monialium
2540 4709 2552 4721 .
2581 4708 2593 4722 .
2623 4709 2634 4721 .
2675 4665 2854 4724 Clare.
