3242 5184
1268 296 1760 359 -105—

234 469 634 533 contrahunt
695 477 762 533 et
813 492 941 537 non
1007 471 1417 536 mediocriter
1470 472 1690 537 oculos
1749 472 1962 538 divine
2017 472 2375 537 maiestatis
2436 470 2788 552 offendunt,

235 578 350 659 qui
397 598 498 657 ea,
549 598 675 659 que
725 579 925 642 sacris
966 577 1068 642 dei
1116 578 1405 662 ecclesijs
1454 586 1521 644 et
1564 580 1718 644 viris
1765 579 2057 663 religioni
2105 586 2171 644 et
2199 578 2524 644 honestati
2555 577 2790 643 deditis

236 684 716 750 rationabiliter
767 686 833 749 in
888 691 1278 751 testamento
1333 686 1669 769 legantur,
1733 688 2097 752 temeritate
2160 685 2451 770 qualibet
2505 684 2793 751 detinere

238 799 645 876 presumunt,
679 793 1085 858 universitati
1118 800 1330 859 vestre
1362 816 1478 878 per
1511 793 1871 878 apostolica
1901 796 2145 878 scripta
2182 793 2563 858 mandamus
2596 799 2793 875 atque

239 899 635 983 precipimus
656 947 673 980 ,
741 901 1045 983 quatinus
1065 950 1081 977 ‚
1148 902 1202 965 si
1257 900 1517 984 quando
1572 901 1844 985 predicti
1908 901 2141 966 fratres
2190 898 2362 984 apud
2408 922 2520 965 vos
2568 900 2796 964 exinde

239 1007 731 1090 queremoniam
765 1005 1196 1090 deposuerint,
1236 1007 1401 1089 illos,
1451 1031 1612 1091 quos
1647 1008 1827 1073 vobis
1861 1008 2352 1087 nominaverint,
2404 1007 2457 1071 si
2489 1008 2583 1071 ita
2613 1006 2795 1071 vobis

241 1136 385 1179 esse
418 1114 807 1194 constiterit,
845 1114 866 1200 ΙΙ
901 1116 1218 1180 moneatis
1251 1116 1560 1180 attentius
1594 1122 1660 1179 et
1706 1115 2060 1180 districtius
2109 1114 2532 1198 compellatis,
2580 1120 2653 1177 ut
2698 1135 2796 1195 ea,
2837 1124 2955 1179 Fol.
2996 1121 3115 1180 55¹³.

241 1243 370 1305 que
418 1214 726 1305 predictis
773 1221 1083 1287 fratribus
1131 1228 1284 1287 sunt
1327 1224 1395 1287 in
1440 1229 1830 1288 testamento
1885 1223 2140 1306 legata,
2208 1228 2454 1286 remoto
2511 1219 2796 1304 appella-

240 1329 438 1393 tionis
496 1327 832 1393 obstaculo
880 1330 1018 1394 sine
1064 1330 1390 1394 malitiosa
1438 1330 1747 1395 dilatione
1795 1320 2042 1413 absque
2090 1328 2518 1422 diminutione⁸
2559 1328 2797 1411 persol-

240 1443 399 1501 vant
436 1435 538 1500 vel
584 1436 652 1499 in
698 1436 1026 1519 presentia
1070 1443 1305 1517 vestra,
1354 1436 1789 1520 appellatione
1835 1443 2103 1519 remota,
2154 1435 2502 1502 exhibeant
2547 1435 2801 1499 iusticie

241 1542 804 1626 complementum.
901 1541 1148 1625 Quodsi
1203 1544 1464 1608 monitis
1519 1544 1751 1608 vestris
1810 1565 2038 1627 parere
2096 1543 2625 1627 contempserint,
2690 1563 2799 1606 eos

240 1650 684 1734 appellatione
731 1656 1028 1716 cessante
1075 1672 1285 1733 usque
1330 1650 1414 1715 ad
1462 1651 1848 1734 condignam
1895 1651 2404 1717 satisfactionem
2437 1670 2800 1715 excommu-

238 1758 591 1822 nicationis
638 1757 893 1823 vinculo
940 1758 1336 1841 astringatis.

515 2062 1148 2151 Archiepisscopis
1197 2070 1269 2129 et
1315 2065 1735 2148 episcopis,
1785 2061 2803 2150 abbatibus1‚nprioribus‚

608 2169 952 2251 decanis,
994 2170 1593 2253 archidiaconiS,
1644 2171 2031 2255 plebaniS,
2083 2169 2802 2252 archipresbiterisu

608 2284 683 2341 et
728 2277 908 2361 alijs
957 2278 1461 2343 ecclesiarum
1507 2278 1867 2363 prelatis,
1934 2277 2026 2343 ad
2086 2300 2273 2360 quos
2331 2276 2600 2341 littere
2653 2276 2806 2340 iste

608 2385 1164 2468 pervenerint2.
2167 2392 2173 2398 “

433 2546 626 2611 Circa
658 2568 854 2630 opera
886 2547 1145 2630 pietatis
1179 2569 1289 2611 vos
1324 2569 1452 2611 non
1490 2547 1811 2612 credimus
1852 2546 2147 2611 difficiles
2176 2541 2500 2626 invenire,
2550 2543 2632 2608 ad
2680 2564 2808 2626 que

253 2654 569 2718 tenemini
600 2675 716 2737 per
750 2676 862 2719 vos
908 2655 1084 2737 ipsos
1131 2661 1265 2719 tam
1313 2654 1605 2738 exemplo
1653 2676 1848 2736 quam
1880 2653 2074 2719 verbo
2107 2660 2353 2718 vestros
2388 2650 2682 2716 subditos
2715 2652 2809 2734 in-

256 2762 484 2825 vitare.
580 2760 767 2826 Licet
812 2768 1031 2826 autem
1079 2761 1370 2826 debeatis
1426 2761 1724 2826 omnibus
1786 2760 2203 2843 benignitatis
2263 2767 2474 2825 vestre
2525 2759 2811 2841 graciam

257 2867 568 2933 exhibere
633 2890 710 2932 ac
736 2893 743 2900 ·
773 2869 839 2932 in
900 2871 1007 2952 pio
1073 2891 1182 2934 eos
1248 2871 1578 2954 proposito
1646 2868 1980 2950 adiuvare,
2048 2867 2300 2932 dilectis
2361 2873 2579 2941 tamen
2636 2864 2810 2947 filijs,

258 2975 574 3057 magistro
621 2983 686 3040 et
732 2976 1039 3041 fratribus
1086 2975 1427 3060 hospitalis
1477 2975 1554 3041 de
1601 2975 1994 3060 Altopassu,
2061 2980 2243 3039 tanto
2282 2973 2613 3038 'tenemini
2678 2994 2810 3036 ani-

257 3081 536 3166 pliorem
602 3091 892 3166 prestare
948 3083 1265 3165 favorem,
1329 3090 1573 3167 quanto
1633 3082 1832 3165 ijdem
1890 3103 2005 3165 per
2065 3080 2527 3164 hospitalitatis
2594 3101 2811 3163 opera,

260 3190 501 3272 quibus
536 3197 687 3255 sunt
717 3189 937 3273 dediti,
987 3190 1225 3256 debent
1256 3191 1361 3256 dei
1393 3198 1459 3256 et
1487 3191 1820 3256 hominum
1867 3191 2153 3272 graciam
2200 3188 2453 3271 plenius
2502 3186 2813 3251 obtinere.

261 3297 603 3362 Monemus
650 3299 915 3381 insuper
960 3300 1445 3383 universitatem
1492 3304 1773 3363 vestram
1821 3303 1887 3362 et
1932 3296 2348 3375 exhortamur
2404 3300 2647 3359 attente
2703 3315 2820 3376 per

265 3403 625 3488 apostolica
689 3404 870 3469 vobis
938 3407 1181 3489 scripta
1248 3405 1663 3489 precipiendo
1728 3403 2140 3484 mandanteS,
2208 3390 2516 3485 quatinus
2582 3400 2818 3483 singuli

263 3519 553 3576 vestrum
617 3511 1078 3595 parrochianos
1145 3536 1296 3578 suos
1354 3518 1662 3577 moneant
1719 3510 2089 3593 diligentius
2147 3516 2234 3574 et·
2264 3508 2576 3574 inducant
2630 3513 2696 3573 et
2740 3528 2820 3572 ex

266 3625 452 3702 parte
490 3625 714 3684 nostra
759 3620 824 3683 in
881 3621 1324 3685 remissionem
1382 3621 1475 3685 eis
1536 3626 1949 3702 peccatorum
2005 3618 2380 3699 iniungant,
2449 3623 2523 3680 ut
2577 3615 2820 3697 nuntijs

265 3725 608 3810 hospitalis
656 3727 891 3810 ipsius,
941 3728 1051 3810 qui
1098 3750 1213 3812 pro
1263 3727 1629 3793 elemosinis
1677 3725 1964 3791 fidelium
2012 3724 2095 3790 ad
2143 3724 2680 3788 sustentationem
2725 3722 2820 3786 in-

268 3833 603 3899 firmorum
636 3840 703 3899 et
746 3855 1104 3919 pauperum
1144 3834 1517 3917 colligendis
1566 3834 1649 3900 ad
1697 3841 1915 3918 partes
1964 3839 2212 3897 vestras
2260 3830 2596 3910 accedunt,
2636 3835 2824 3911 grata

270 3941 565 4007 subsidia
611 3948 681 4006 et·
721 3941 864 4026 pias
912 3941 1297 4007 elemosinas
1343 3943 1726 4025 largiantur,
1776 3943 1868 4006 ita
1899 3939 2094 4023 quod,
2143 3945 2216 4004 ut
2245 3935 2642 4023 pauperibus
2675 3957 2823 3999 con-

270 4050 543 4115 tulerint
586 4070 702 4133 per
748 4070 978 4114 manus
1027 4070 1249 4114 eorum
1296 4050 1362 4114 in
1409 4051 1620 4130 terris,
1662 4048 1787 4114 sibi
1833 4070 1949 4132 per
1980 4046 2249 4114 manus2
2294 4065 2654 4130 pauperum
2686 4041 2823 4107 the-

272 4157 604 4222 saurizent
647 4158 715 4221 in
763 4156 938 4222 celis.
1016 4156 1303 4222 Litteras
1337 4158 1555 4239 etiam,
1602 4178 1767 4240 quas
1806 4154 2117 4220 fratribus
2163 4154 2323 4238 ipsis
2370 4151 2824 4231 concessimuS,

455 4409 474 4440 ¹
521 4407 630 4462 Die
685 4414 827 4463 erste
872 4407 1020 4463 Zeile
1075 4410 1174 4462 der
1216 4397 1566 4465 fJberschrift
1619 4426 1711 4462 am
1765 4407 1922 4461 Ende
1977 4407 2076 4460 der
2128 4401 2617 4474 vorhergehenden
2662 4400 2827 4455 Zeile.

275 4499 298 4531 ²
333 4498 542 4553 Hierzu
578 4515 670 4551 am
705 4497 902 4553 Raude
939 4497 1086 4553 links
1123 4501 1213 4553 ein
1251 4505 1281 4553 3
1320 4497 1462 4553 Ctm.
1502 4497 1674 4552 hohes
1720 4502 1866 4551 rotes
1902 4495 2088 4549 Kreuz
2124 4495 2181 4547 in
2228 4494 2327 4548 der
2361 4492 2528 4546 Form
2573 4492 2723 4544 eines
2760 4487 2827 4556 T,

276 4588 474 4644 dessen
510 4586 814 4642 vertikaler
856 4587 1074 4642 Balken
1110 4588 1252 4643 nach
1289 4594 1459 4642 unten
1497 4588 1553 4640 in
1591 4588 1744 4641 einer
1767 4585 1951 4656 Spitze
1976 4583 2234 4639 auslauft.
2381 4582 2403 4614 ²
2438 4578 2596 4638 Nach
2634 4595 2829 4636 manus

276 4677 439 4735 stand
476 4694 684 4734 eorum.
758 4676 1028 4734 Dasselbe
1071 4680 1144 4735 ist
1178 4684 1265 4735 rot
1301 4676 1800 4751 durchgestrichen.
2669 4674 2670 4677 ’
