3242 5184
183 582 302 637 Fol.
344 588 410 635 50
422 591 460 635 ⁸.

1550 331 1648 339 ..-
1738 294 2003 355 94-

503 470 794 538 afficiunt
849 472 941 557 et]
1012 473 1419 553 equitaturas
1475 476 1589 535 aut
1650 471 1780 535 alia
1843 491 2066 535 eorum
2120 470 2293 535 bona
2357 471 2671 536 violenter
2726 470 3062 554 diripiunt,

501 582 556 645 si
615 602 654 643 a
699 579 882 644 vobis
942 580 1315 643 commoniti
1363 577 1583 642 ablata
1630 579 1723 642 eis
1769 577 2097 642 noluerint
2141 579 2298 643 resti
2337 580 2354 665 l}
2392 583 2574 642 tuere
2621 583 2689 642 et
2735 577 2816 641 de
2866 577 3065 642 illatis

509 688 762 770 iniurijs
795 685 1303 750 satisfactionem
1335 705 1688 768 congruam
1720 683 2046 766 exhibere,
2079 669 2333 750 vinculo
2366 685 2800 749 anathematis
2832 687 3067 749 astrin-

501 796 671 875 gatis
692 843 708 875 ,
757 814 885 875 quo
932 795 1108 906 ipsos
1154 813 1363 873 usque
1411 791 1495 856 ad
1540 791 1805 874 dignam
1853 791 2364 857 satisfactionem
2410 794 2688 856 teneatis
2735 794 3065 856 astrictos

767 1041 1138 1108 Eisdem1.

678 1204 962 1269 Militum
1018 1202 1245 1291 templi
1298 1201 1636 1284 professio,
1696 1204 1863 1267 sicut
1907 1204 1973 1267 in
2022 1204 2279 1286 scriptis
2327 1224 2549 1268 eorum
2597 1209 2663 1267 et
2706 1203 3070 1288 privilegijs

502 1314 897 1393 continetur,
966 1318 1066 1375 est
1128 1309 1307 1391 talis,
1373 1317 1448 1373 ut
1510 1330 1590 1373 ne
1661 1310 1763 1373 cui
1828 1315 1978 1394 post
2031 1310 2273 1374 factam
2331 1309 2799 1394 professionem
2867 1311 3070 1377 semel

503 1424 907 1502 assumptam
972 1438 1228 1482 crucem
1296 1416 1688 1482 dominicam
1733 1417 1833 1481 vel
1879 1416 2176 1482 habitum
2240 1419 2444 1501 ipsius
2512 1417 2769 1483 abicere
2824 1418 2928 1482 vel
2985 1418 3071 1482 ad

503 1527 703 1591 alium
749 1525 962 1589 locum
1010 1546 1124 1589 seu
1173 1526 1370 1590 etiam
1417 1525 1880 1588 monasterium
1926 1527 2190 1593 maioris
2238 1527 2372 1590 sive
2418 1527 2687 1591 minoris
2733 1524 3070 1609 religionis

503 1632 774 1698 obtentu
828 1633 1047 1697 invitis
1103 1633 1236 1697 sive
1289 1632 1672 1696 inconsultis
1729 1631 2041 1697 fratribus
2097 1639 2213 1698 aut
2266 1654 2371 1714 ec,
2430 1634 2543 1715 qui
2599 1635 2913 1715 magister
2960 1654 3070 1698 ex-

501 1741 728 1820 titerit,
784 1739 981 1804 liceat
1034 1726 1499 1822 transmigrare
1560 1739 1850 1821 nullique
1907 1740 2340 1821 ecclesiastice
2389 1741 2744 1805 secularive
2791 1761 3073 1822 persone

502 1849 678 1930 ipsos
733 1848 1060 1929 suscipere
1113 1847 1308 1911 liceat
1362 1847 1461 1910 vel
1517 1854 1759 1910 tenere.
1854 1845 2017 1911 Cum
2072 1849 2244 1913 enim
2287 1849 2415 1930 ipsi
2461 1847 2545 1911 ad
2593 1846 3073 1912 defendendam

503 1953 881 2018 orientalem
938 1953 1278 2018 ecclesiam
1335 1959 1401 2018 et
1454 1975 1858 2036 paganorum
1914 1955 2219 2018 seviciam
2272 1954 2751 2038 reprimendam
2817 1954 3074 2020 relictis

501 2062 757 2144 pompis
804 2060 1204 2125 secularibus
1253 2059 1358 2125 dei
1405 2062 1536 2125 sint
1583 2063 1845 2126 servitio
1884 2062 2259 2147 mancipati,
2308 2063 2363 2126 si
2397 2062 2776 2126 transeundi
2814 2062 2898 2126 ad
2937 2062 3076 2126 alia

502 2167 644 2233 loca
691 2174 757 2232 et
803 2174 1132 2251 sumptum
1177 2167 1471 2232 habitum
1517 2168 1925 2250 relinquendi
1973 2167 2241 2233 daretur
2287 2170 2379 2234 eis
2424 2169 2708 2250 licentia,
2756 2190 3075 2252 magnum

503 2275 771 2340 ecclesie
832 2275 936 2340 dei
1000 2276 1208 2358 possit
1271 2274 1502 2339 exinde
1567 2278 1942 2358 contingere
1998 2275 2477 2349 detrimentum.
2577 2275 2867 2359 Ideoque
2923 2279 3074 2340 uni-

502 2383 796 2447 versitati
842 2388 1054 2446 vestre
1090 2403 1208 2466 per
1253 2382 1611 2465 apostolica
1648 2385 1893 2465 scripta
1929 2385 2361 2466 precipientes
2398 2383 2804 2465 mandamuS,
2853 2385 3077 2465 quati-

503 2490 684 2571 nus2,
751 2491 806 2554 si
869 2491 1016 2572 quis
1080 2510 1159 2553 ex
1218 2490 1377 2572 ipsis
1432 2491 1500 2555 in
1563 2489 1924 2572 parrochijs
1979 2493 2210 2555 vestris
2266 2490 2366 2554 vel
2423 2490 2584 2556 locis
2641 2490 2825 2554 vobis
2892 2511 3075 2554 com-

503 2599 718 2661 missis
773 2596 841 2661 id
896 2603 1285 2679 attemptare
1322 2598 1810 2680 presumpserit,
1857 2602 1994 2663 tam
2039 2599 2273 2680 ipsum,
2321 2619 2518 2679 quam
2566 2599 2677 2680 qui
2716 2618 2863 2661 eum
2902 2619 3078 2661 ausu

504 2706 849 2769 temerario
887 2705 1169 2769 retinere
1204 2706 1639 2787 temptaverit,
1679 2705 1853 2768 omni
1891 2706 2227 2769 occasione
2263 2710 2516 2769 remota
2553 2706 3078 2773 excommunica-

505 2812 699 2875 tionis
746 2810 1002 2877 vinculo
1050 2809 1394 2876 innodetis.

770 3098 1258 3179 Patriarchis
1333 3120 1408 3179 et
1481 3114 1906 3198 episcopis,
1982 3115 2407 3180 abbatibus
2480 3116 2710 3206 pri31{
2766 3117 3078 3199 oribuS,

861 3220 1203 3304 decaniS,
1270 3221 1855 3287 archidiaconis
1915 3228 1993 3287 et
2056 3222 2240 3305 alijs
2306 3223 2829 3289 ecclesiarum
2894 3247 3076 3308 pre-

858 3328 1080 3411 latis,
1127 3330 1144 3419 Η
1192 3329 1508 3411 clericis
1568 3335 1646 3394 et
1699 3328 1976 3411 laycis,
2044 3329 2135 3394 ad
2193 3352 2379 3413 quos
2436 3331 2705 3396 littere
2750 3353 3075 3416 presen-

859 3441 981 3500 tes
1026 3437 1542 3519 pervenerint.
2242 3431 2249 3438 ’

681 3578 922 3643 Militia
985 3578 1127 3660 dei,
1190 3600 1317 3661 que
1382 3578 1620 3644 dicitur
1685 3580 1949 3663 templi,
2016 3601 2213 3663 quam
2279 3581 2367 3646 sit
2429 3582 2729 3647 orientali
2795 3583 3074 3649 ecclesie

506 3685 862 3766 commoda,
910 3685 1108 3767 digna
1144 3687 1414 3767 meritiS,
1463 3686 1584 3751 deo
1621 3694 1831 3769 grata,
1876 3689 2287 3753 universitati
2323 3696 2538 3754 vestre
2576 3690 2899 3755 credimus
2937 3713 3072 3757 non

503 3793 726 3857 latere.
820 3792 1145 3857 Fraterna
1199 3793 1398 3875 igitur
1453 3795 1692 3859 caritas
1749 3816 1866 3860 nos
1922 3795 2241 3877 hortatur,
2299 3802 2391 3877 ut,
2440 3797 2508 3861 in
2555 3803 2872 3880 quantum
2920 3820 3070 3881 pos-

505 3921 750 3981 sumuS,
799 3900 1165 3964 necessaria
1223 3900 1316 3964 eis
1365 3899 1659 3966 subsidia
1711 3902 2171 3968 ministremus,
2264 3903 2354 3968 Et
2411 3905 2718 3986 quoniam
2764 3905 3071 3987 religiose

505 4007 792 4071 viventes
868 4006 1096 4071 devote
1170 4006 1477 4072 studeant
1550 4007 1784 4072 divinis
1861 4008 2093 4094 officijs
2167 4010 2511 4093 interesse,
2586 4012 2671 4076 ad
2736 4013 3071 4096 exemplar

504 4113 710 4178 felicis
743 4113 1218 4179 recordacionis
1250 4113 1608 4179 Alexandri
1638 4137 1828 4199 pape,
1861 4116 2336 4200 predecessoris
2382 4119 2611 4201 nostri,
2650 4119 2926 4184 liberam
2972 4119 3067 4183 eis

505 4220 916 4286 concedimus
969 4221 1350 4286 facultatem
1403 4222 1689 4305 ydoneos
1744 4223 2140 4307 presbiteros
2197 4225 2281 4289 ad
2336 4247 2527 4290 suum
2573 4227 2916 4292 servicium
2963 4248 3066 4292 as-

505 4349 758 4393 sumere
803 4328 1280 4411 undecumque,
1340 4331 1451 4412 qui
1498 4334 1718 4403 tamen
1763 4331 1889 4396 rite
1938 4332 2070 4396 sint
2113 4333 2180 4397 in
2225 4333 2622 4415 presbiteros
2669 4334 2953 4399 ordinati
2998 4339 3066 4396 et

685 4580 703 4611 ¹
741 4579 850 4632 Am
888 4579 1044 4634 Endc
1082 4580 1180 4634 der
1215 4579 1706 4657 vorhergehenden
1730 4581 1896 4636 Zeile.
2050 4582 2072 4614 2
2108 4583 2343 4638 Hdschr.
2382 4585 2645 4653 quatinus
2681 4591 2759 4639 ut.
2902 4586 2924 4615 ³
2948 4584 3071 4638 Auf

504 4669 656 4723 einer
692 4669 842 4722 Zeile
881 4670 982 4722 mit
1028 4670 1152 4723 dem
1193 4665 1398 4722 Schluss
1444 4670 1541 4723 des
1576 4669 2070 4739 vorhergehenden
2109 4672 2476 4737 Abschnitts„

1741 4858 1758 4893 Ι
