3242 5184
1250 292 1631 354 -9--

164 468 391 533 stituti.
483 468 572 532 Et
629 467 802 551 quod
859 469 1106 552 pariter
1162 490 1292 533 non
1351 467 1711 552 impediant
1767 468 2019 534 litteras
2081 470 2323 536 ibidem
2381 471 2710 555 legendae,

163 575 288 640 nisi
333 575 679 658 specialem
726 597 804 640 ac
849 574 1278 640 sufficientem
1325 574 1409 640 ad
1454 574 1521 639 id
1566 575 1855 640 habeant
1876 581 2308 674 potestatem.

422 788 946 854 Iuramentum
993 788 1432 854 auditorum
1477 788 1832 874 palacij.1

334 913 475 998 Ego
526 963 540 978 .
577 964 591 980 .
642 914 900 979 auditor
960 913 1043 978 ab
1109 914 1232 979 hac
1289 914 1452 981 hora
1505 915 1771 979 inantea
1824 913 2034 979 fidelis
2092 936 2200 981 ero
2266 916 2458 983 beato
2513 916 2711 983 Petro

162 1026 508 1105 sancteque
551 1020 846 1087 Romane
908 1020 1181 1086 ecclesie
1237 1027 1303 1086 et
1358 1020 1614 1088 domino
1663 1042 1806 1087 meo
1853 1021 2112 1087 domino
2162 1072 2175 1086 .
2214 1072 2227 1086 .
2266 1072 2279 1087 .
2329 1044 2497 1108 pape
2545 1024 2710 1089 eius-

161 1150 284 1213 que
339 1127 821 1194 successoribus
869 1128 1175 1195 canonice
1221 1128 1637 1193 intrantibus,
1729 1126 1875 1193 Non
1932 1149 2042 1193 ero
2088 1129 2157 1193 in
2202 1129 2395 1212 facto,
2445 1130 2713 1196 consilio

160 1235 258 1300 vel
324 1256 643 1302 consensu
655 1236 698 1317 2,
748 1235 922 1318 quod
986 1235 1187 1300 vitam
1251 1234 1528 1319 perdant
1592 1241 1709 1300 aut
1769 1235 2130 1300 membrum
2196 1237 2297 1301 vel
2372 1237 2713 1320 capiantur

158 1341 331 1407 mala
386 1343 710 1427 capcione.
805 1339 1189 1423 Consilium,
1257 1341 1430 1425 quod
1483 1364 1600 1426 per
1665 1364 1734 1407 se
1799 1349 1913 1407 aut
1976 1344 2280 1408 nuncium
2346 1366 2532 1407 suum
2597 1366 2712 1408 seu

156 1449 408 1514 litteras
456 1449 650 1513 michi
698 1449 1006 1515 credituri
1063 1455 1232 1531 sunt,
1292 1449 1502 1531 signo,
1559 1448 1757 1515 verbo
1818 1449 1920 1514 vel
1973 1455 2136 1514 nutu
2190 1472 2292 1514 me
2340 1451 2581 1515 sciente
2629 1450 2711 1514 ad

160 1576 385 1620 eorum
425 1554 779 1641 dampnum
827 1577 941 1621 seu
984 1555 1412 1638 preiudicium
1447 1555 1610 1619 nulli
1642 1556 1946 1640 pandam.
2026 1556 2376 1621 Similiter3
2422 1557 2713 1621 secreta4

157 1683 302 1743 sua,
365 1684 491 1745 que
547 1667 797 1727 secreta
852 1684 991 1727 esse
1049 1684 1434 1745 cognovero,
1484 1663 1578 1726 sic
1636 1663 1907 1728 servabo
1965 1669 2244 1745 secreta,
2314 1662 2485 1746 quod
2552 1662 2711 1727 nulli

155 1790 450 1853 persone,
501 1769 580 1835 de
619 1789 750 1852 qua
796 1769 1055 1834 credam
1104 1769 1230 1834 sibi
1277 1768 1637 1853 displicere,
1688 1771 1744 1834 si
1790 1771 1850 1834 ei
1895 1769 2247 1835 revelarem
2293 1772 2456 1854 ipsa,
2505 1771 2709 1834 mani-

153 1875 409 1942 festabo
456 1876 752 1940 scienter.
846 1875 916 1941 Si
973 1874 1361 1959 dampnum5
1415 1898 1640 1942 eorum
1694 1876 1964 1941 tractari
2020 1877 2293 1960 scivero,
2349 1899 2467 1960 pro
2522 1898 2712 1961 posse

153 2004 295 2049 meo
343 1983 715 2066 impediam,
765 2004 845 2047 ne
890 1982 1024 2047 fiat.
1105 1980 1293 2064 Quod
1325 1983 1381 2047 si
1424 2005 1542 2067 per
1586 2005 1691 2048 me
1736 1983 2049 2067 impedire
2097 2007 2223 2050 non
2270 2006 2546 2068 possem,
2586 2005 2713 2067 >per

154 2092 464 2156 nuncium
512 2095 627 2155 aut
670 2090 924 2154 litteras
971 2090 1064 2154 eis
1112 2088 1476 2172 significare
1515 2090 1758 2155 curabo
1806 2090 1907 2155 vel
1951 2090 2067 2172 illi,
2116 2112 2233 2174 per
2278 2113 2472 2174 quem
2511 2091 2710 2155 cicius

154 2197 239 2263 ad
286 2219 513 2264 eorum
559 2197 866 2263 noticiam
913 2196 1290 2261 deducatur.
1367 2196 1695 2280 Papatum
1727 2197 2094 2261 Romanum
2143 2203 2209 2260 et
2243 2197 2488 2280 regalia
2535 2196 2712 2261 beati

154 2304 334 2369 Petri
386 2310 452 2369 et
497 2304 887 2370 omniaiura
917 2303 1209 2369 Romane
1242 2304 1532 2384 ecclesie,
1582 2324 1709 2386 que
1741 2302 1957 2385 habet,
2007 2303 2249 2385 ubique
2282 2304 2711 2370 manutenebo

157 2412 311 2476 totis
370 2411 616 2476 viribus
673 2416 739 2475 et
794 2409 1152 2475 defendam.
1255 2410 1541 2493 Negocia
1598 2416 1664 2473 et
1719 2409 1933 2475 officia
1990 2410 2186 2473 michi
2243 2434 2282 2474 a
2339 2410 2596 2476 domino
2638 2462 2650 2474 .
2695 2460 2709 2475 .

144 2540 326 2602 papa
396 2517 497 2581 vel
553 2518 690 2582 eius
748 2517 1277 2582 vicecancellario
1333 2517 1679 2582 commissa
1741 2517 1842 2581 vel
1907 2516 2370 2581 committenda
2434 2517 2714 2582 fideliter

156 2645 379 2707 geram
446 2629 512 2687 et
576 2624 825 2689 solicite
891 2613 1202 2688 exercebo
1259 2629 1325 2687 et
1379 2624 1749 2708 specialiter
1813 2623 2095 2688 officium
2162 2623 2476 2689 auditoris
2543 2625 2711 2689 sacri

153 2729 389 2814 palacij
458 2731 526 2794 in
588 2730 915 2796 reddendo
980 2730 1305 2794 iusticiam
1370 2731 1751 2813 cuicunque.
1846 2729 2037 2794 Dona
2101 2727 2202 2795 v'el
2264 2752 2533 2795 munera
2598 2753 2713 2795 seu

154 2838 461 2903 ensenia6
515 2843 631 2902 aut
693 2837 1161 2920 obligacionem
1227 2857 1343 2901 seu
1401 2838 1777 2921 pensionem
1832 2859 2027 2921 super
2080 2838 2208 2901 illis
2265 2859 2384 2920 per
2446 2860 2549 2902 me
2614 2838 2712 2902 vel

154 2944 353 3008 alium
398 2965 513 3008 seu
562 2944 724 3009 alios
764 2966 803 3008 a
848 2945 1145 3028 partibus
1194 2966 1412 3009 coram
1457 2966 1560 3008 me
1610 2966 1841 3008 causas
1887 2943 2278 3008 habentibus
2326 2964 2440 3007 seu
2491 2965 2713 3008 earum

155 3050 378 3133 aliqua
432 3050 532 3114 vel
587 3072 627 3114 a
680 3052 951 3133 notarijs
998 3051 1325 3133 deputatis
1383 3050 1465 3115 ad
1514 3051 1927 3116 scribendum
1975 3072 2191 3117 coram
2237 3071 2339 3114 me
2387 3055 2534 3115 acta
2582 3050 2710 3113 dic-

153 3162 373 3222 tarum
407 3178 748 3222 causarum
794 3157 895 3222 vel
950 3157 1034 3221 ab
1082 3158 1228 3241 alijs
1286 3180 1404 3240 pro
1450 3157 1681 3240 ijsdem
1729 3179 1843 3221 seu
1891 3158 2153 3221 earum⁷
2198 3157 2453 3222 nomine
2507 3158 2527 3242 ΙΙ
2581 3179 2709 3221 11011

154 3264 488 3347 recipiam,
523 3265 828 3347 quinymo
861 3285 1081 3328 omnes
1113 3263 1466 3328 familiares
1500 3270 1567 3328 et
1596 3263 1904 3328 officiales
1936 3286 2112 3330 meos
2143 3265 2315 3329 omni
2346 3263 2707 3346 diligencia,

153 3391 284 3452 qua
329 3374 580 3454 potero,
627 3369 862 3435 faciam
910 3370 1255 3435 abstinere.
1349 3370 1484 3435 Nec
1530 3371 1734 3434 eciam
1781 3394 1897 3455 pro
1958 3371 2168 3454 sigillo
2222 3391 2364 3435 meo
2421 3391 2538 3433 nec
2593 3391 2709 3451 pro

156 3476 434 3542 rubricis
500 3476 815 3542 faciendis
880 3478 948 3540 in
1004 3479 1253 3559 causis,
1319 3480 1385 3541 in
1443 3477 1679 3560 quibus
1745 3499 1885 3541 sum
1950 3478 2050 3541 vel
2113 3477 2295 3542 fuero
2359 3476 2706 3560 deputatus

155 3584 450 3665 auditor,
516 3605 634 3647 nec
689 3583 818 3648 alio
849 3585 1129 3666 quesito
1186 3585 1400 3650 colore
1455 3582 1703 3666 aliquid
1756 3584 2068 3667 recipiam
2123 3605 2242 3648 nec
2297 3606 2336 3648 a
2402 3583 2710 3666 predictis

154 3690 314 3754 meis
374 3688 761 3755 officialibus
819 3712 934 3754 seu
987 3690 1420 3756 familiaribus
1478 3690 1680 3775 recipi
1733 3691 2125 3774 permittam.
2220 3689 2506 3759 Consilia
2561 3711 2711 3756 vero

158 3796 604 3861 coauditorum
635 3818 925 3862 meorum
964 3805 1210 3863 secrete
1258 3797 1413 3862 data
1450 3803 1697 3862 secrete
1742 3798 1997 3879 tenebo,
2045 3817 2383 3879 usquequo
2415 3799 2482 3861 in
2515 3819 2712 3862 causa

161 3903 492 3968 sentencia
540 3905 624 3967 sit
670 3905 942 3987 prelata.
1025 3904 1412 3989 Supradicta
1444 3905 1660 3969 omnia
1698 3911 1763 3969 et
1810 3905 2064 3987 singula
2101 3905 2409 3988 promitto
2458 3909 2522 3968 et
2567 3905 2710 3969 iuro

160 4009 495 4074 attendere
529 4017 596 4074 et
625 4010 972 4075 observare
1005 4012 1143 4076 sine
1175 4012 1348 4076 omni
1381 4010 1526 4077 dolo
1560 4017 1627 4076 et
1657 4011 1902 4076 fraude.
1983 4010 2089 4076 Sic
2121 4032 2223 4075 me
2256 4011 2416 4075 deus
2449 4009 2712 4075 adiuvet

161 4120 225 4179 et
266 4115 388 4181 hec
437 4123 664 4181 sancta
710 4117 814 4182 dei
853 4118 1206 4200 evangelia.
1303 4117 1374 4182 T.

337 4295 355 4327 ¹
393 4294 600 4349 Hierzu
649 4313 740 4350 am
784 4295 1003 4351 Raude:
1059 4296 1439 4351 Iuramentum
1486 4297 1816 4351 auditorum.
2053 4296 2074 4328 ²
2109 4314 2374 4351 consensu
2421 4297 2713 4367 korrigiert

162 4383 485 4438 vermittelst
518 4383 699 4438 Rasur
734 4402 834 4439 aus
869 4403 1111 4440 assensu.
1328 4385 1350 4416 ⁸
1385 4384 1721 4440 Handschr.:
1760 4385 2104 4455 Simpliciter.
2178 4386 2289 4439 Am
2322 4385 2478 4440 Ende
2515 4385 2710 4452 Rasur,

164 4470 255 4523 das
296 4471 892 4543 Abkiirzungszeichen
926 4473 1019 4527 fiir
1053 4492 1112 4527 er
1146 4491 1257 4529 von
1293 4474 1526 4529 anderer
1566 4474 1752 4529 Hand.
1897 4473 1921 4505 ⁴
1956 4473 2077 4527 Auf
2115 4474 2295 4528 Rasur
2329 4492 2441 4529 von
2478 4475 2712 4528 anderer

166 4558 328 4613 Hand
365 4562 480 4615 und
517 4564 619 4615 mit
654 4562 885 4618 anderer
907 4563 1087 4617 Tinte.
1323 4563 1346 4595 ὅ
1380 4562 1499 4617 Der
1533 4562 1715 4618 Strich
1750 4564 1945 4618 iiberm
1982 4581 2020 4616 u
2055 4564 2127 4616 ist
2161 4567 2247 4618 rot
2281 4561 2709 4632 nachgetragen.

167 4645 190 4679 ⁸
220 4663 249 4701 c
282 4649 385 4703 mit
418 4649 718 4707 schwarzer
753 4651 919 4707 Tinte
955 4654 1014 4707 in
1051 4653 1245 4724 langes
1282 4670 1308 4706 s
1344 4652 1652 4723 korrigiert.
1848 4653 1866 4684 ⁷
1903 4653 2212 4722 Korrigiert
2248 4669 2347 4706 aus
2385 4668 2588 4705 eorum.

2747 3167 2863 3221 Fol.
2904 3172 2934 3219 5
2946 3165 2989 3220 b.
