3242 5184
1332 326 1353 330 a
1445 284 1573 346 225
1667 324 1754 328 -<

168 461 496 545 deponere
528 461 786 544 debent,
826 484 1035 547 prece,
1068 463 1286 547 precio
1325 468 1444 527 etc.
1478 466 1553 525 ut
1583 462 1652 524 in
1683 460 1909 526 forma.
1968 459 2128 525 Post
2165 460 2546 525 citacionem
2595 462 2734 523 uni-

167 589 316 632 cam
370 579 500 651 'per
555 568 961 634 audienciam
1017 568 1597 653 comprehendant,
1658 566 1830 649 quod
1886 588 2039 650 pars
2095 568 2330 632 citetur
2386 566 2469 631 ad
2517 566 2735 632 viden-

166 675 327 739 dum
374 676 589 739 iurare
637 682 838 741 testes
886 676 969 740 ad
1019 675 1302 742 dandum
1350 674 1869 757 interrogatoria,
1928 681 1994 738 et
2047 673 2169 738 hoc
2215 695 2344 738 non
2391 673 2533 753 fuit,
2582 673 2742 737 dum'

166 788 394 864 partes
451 783 582 846 sint
635 789 969 865 presentes
1026 783 1093 847 in
1150 783 1329 848 curia
1374 780 1689 865 predicta,
1750 779 1862 846 sed
1912 780 2120 845 solum
2167 802 2284 863 per
2330 778 2736 845 audienciam

167 888 745 953 contradictarum.

446 1138 554 1202 De
602 1137 1251 1203 conclusionibus,

351 1280 518 1345 Item
575 1280 832 1345 demum
890 1280 972 1344 ad
1030 1286 1257 1343 nutum
1314 1280 1471 1344 dicti
1526 1279 1841 1344 auditoris
1897 1278 2205 1343 citabitur
2260 1301 2410 1362 pars
2459 1280 2540 1344 ad
2589 1301 2738 1343 con-

164 1386 583 1469 cludendum,
634 1387 689 1450 si
736 1385 995 1450 auditor
1041 1393 1153 1450 aut
1197 1408 1348 1469 pars
1397 1385 1778 1450 concludere
1825 1385 2026 1450 velint
2061 1386 2129 1450 in
2165 1386 2471 1469 predictis
2505 1387 2737 1450 causis.

163 1494 371 1561 800118
402 1494 470 1557 in
499 1492 873 1577 prophaniS,
921 1492 1034 1556 ubi
1065 1492 1198 1556 litis
1246 1493 1640 1559 contestacio
1687 1479 2054 1556 necessaria
2085 1499 2203 1574 est,
2253 1494 2456 1557 eciam
2489 1513 2743 1576 semper

165 1601 538 1665 necessaria
594 1601 776 1665 iuxta
831 1600 1053 1664 stilum
1107 1599 1265 1663 dicti
1320 1599 1577 1682 palacij,
1646 1600 1773 1663 nisi
1828 1599 2195 1682 specialiter
2248 1620 2365 1683 per
2411 1598 2741 1663 dominum

165 1706 537 1787 mandetur,
606 1706 778 1789 quod
837 1706 1132 1771 terminis
1198 1705 1590 1771 abbreviatis
1651 1706 1750 1770 vel
1816 1706 2193 1789 simpliciter
2248 1711 2315 1770 et
2370 1706 2739 1786 summarie,

166 1813 274 1878 vel
331 1835 475 1877 cum
535 1813 907 1895 proceditur
962 1813 1027 1875 in
1083 1811 1201 1876 tali
1248 1833 1446 1876 causa
1491 1811 1850 1896 prophana,
1918 1819 2071 1877 tunc
2136 1834 2281 1877 cum
2330 1812 2474 1897 alijs
2522 1833 2742 1896 prece-

166 1920 476 1985 dentibus
534 1920 746 1983 causis
814 1920 1199 1983 sortirentur
1255 1918 1552 1983 effectum
1601 1918 1816 2001 quoad
1865 1919 2084 1982 stilum
2133 1918 2531 1983 antedictum
2577 1918 2743 1983 tales

164 2047 368 2092 cause
440 2025 792 2109 prophane.
888 2024 1184 2108 Qualiter
1238 2045 1367 2090 non
1428 2025 1514 2090 sit
1577 2026 2015 2090 necessarium
2087 2026 2329 2091 habere
2392 2026 2743 2091 limitatum

168 2135 551 2214 terminum,
609 2138 682 2197 ut
737 2132 917 2197 esse1
981 2131 1124 2197 fieri
1191 2132 1525 2197 consuevit
1587 2131 1940 2214 aliquando
2007 2132 2089 2197 ad
2151 2132 2544 2197 audiendum
2599 2153 2743 2197 sen-

170 2241 455 2305 tenciam
511 2240 579 2303 in
636 2238 929 2321 qualibet
994 2260 1209 2321 causa,
1277 2245 1495 2303 tamen
1552 2239 1934 2321 plerumque
1981 2238 2122 2304 fieri
2169 2240 2521 2321 consuevit,
2571 2239 2744 2322 quod

169 2368 370 2429 super
425 2368 520 2426 ec,
588 2345 761 2428 quod
817 2346 1314 2410 admitterentur
1369 2346 1628 2410 articuli
1681 2346 1749 2409 in
1797 2367 2023 2428 causa,
2072 2345 2454 2411 concludere
2503 2346 2585 2410 ad
2633 2367 2743 2410 au-

172 2452 480 2516 diendum
546 2454 944 2517 sentenciam
1010 2454 1267 2517 auditor
1329 2452 1700 2517 huiusmodi
1756 2473 2098 2517 causarum
2155 2453 2405 2517 meliori
2463 2451 2746 2518 faciebat-

177 2558 358 2639 illud,
397 2567 469 2624 ut
502 2565 676 2643 puto,
744 2558 871 2624 Sed
909 2558 1281 2643 prefingunt
1315 2580 1487 2623 nunc
1524 2560 1834 2624 terminos
1883 2558 1967 2623 ad
1999 2560 2218 2624 statim
2259 2560 2497 2647 citatur
2537 2560 2743 2625 eciam

170 2686 292 2748 per
354 2666 759 2730 audienciam
826 2666 1224 2730 contumacis
1290 2666 1372 2729 ad
1430 2665 1658 2731 horam
1715 2687 2060 2730 causarum
2116 2665 2273 2748 diei,
2334 2687 2463 2750 qua
2507 2667 2747 2749 legitur

168 2773 406 2837 citacio
454 2793 570 2855 per
616 2771 1022 2837 audienciam
1044 2823 1058 2854 ,
1107 2779 1181 2837 ut
1227 2794 1448 2856 supra,
1501 2793 1612 2836 seu
1662 2772 1744 2837 ad
1789 2773 2066 2855 primam
2115 2772 2285 2837 diem
2332 2774 2458 2857 ipsi
2505 2773 2748 2838 domini

168 2877 527 2960 auditores,
594 2879 748 2961 quia
811 2878 974 2943 tales
1039 2880 1298 2944 termini
1363 2878 1672 2943 iudicium
1739 2900 1852 2943 seu
1917 2878 2322 2944 dominorum
2379 2879 2749 2944 auditorum

169 3007 370 3050 cause
420 2985 724 3050 dicuntur
770 2992 842 3049 ut
890 3008 1102 3068 supra.

445 3233 554 3297 De
602 3233 779 3297 litis
829 3236 1429 3300 contestacione.

354 3374 522 3439 Item
583 3376 651 3439 in
707 3377 920 3440 causis
976 3376 1355 3460 prophaniS,
1420 3377 1473 3441 si
1522 3376 1712 3440 detur
1756 3376 2044 3458 libellus,
2093 3383 2252 3459 puta
2300 3377 2365 3440 in
2413 3398 2610 3441 causa
2654 3378 2750 3440 in-

174 3483 509 3563 iuriarum,
560 3488 626 3546 et
656 3489 811 3547 tunc
857 3483 1166 3548 citabitur
1210 3505 1359 3547 reus
1408 3483 1490 3547 ad
1537 3483 2059 3566 respondendum
2105 3483 2476 3548 huiusmodi
2507 3483 2750 3565 libello,

178 3588 550 3652 huiusmodi
599 3592 803 3655 actori
850 3596 914 3655 et
960 3590 1139 3654 litem
1196 3611 1392 3672 super
1448 3612 1522 3655 00
1572 3590 2064 3655 contestandam
2110 3612 2361 3655 necnon
2410 3591 2752 3657 iurandum

179 3694 260 3759 de
309 3694 680 3778 calumpnia
725 3698 933 3779 primo
982 3697 1366 3779 simpliciter
1412 3697 1495 3761 ad
1542 3695 1730 3761 VIII.
1782 3696 1972 3779 diem,
2032 3700 2102 3762 20
2159 3696 2279 3762 sub
2327 3699 2752 3762 excommuni-

175 3802 463 3865 cacionis
527 3824 696 3885 pena
753 3797 835 3867 ad
898 3803 1177 3886 primam
1225 3802 1396 3867 diem
1453 3810 1518 3867 et
1572 3803 1667 3867 sic
1722 3803 1953 3869 ultima
2011 3805 2240 3868 citacio
2298 3803 2382 3868 ad
2437 3803 2608 3869 idem
2654 3804 2754 3869 vel

180 3907 524 3971 dicendum
573 3930 837 3974 causam
900 3910 1383 3989 racionabilem,
1452 3931 1654 3992 quare
1718 3910 1787 3974 in
1852 3911 2109 3994 scriptis
2175 3932 2306 3975 non
2364 3910 2600 4002 debeat
2648 3932 2753 3976 ex-

180 4015 660 4079 communicari.
755 4016 844 4081 Et
899 4019 970 4080 40
1026 4017 1109 4081 ad
1164 4017 1336 4081 idem
1393 4038 1471 4081 ex
1528 4015 2147 4100 superhabundanti.
2243 4016 2495 4082 Poterit
2540 4023 2756 4082 tamen

179 4117 442 4184 auditor
496 4130 746 4202 partem
802 4129 1246 4188 contumacem
1304 4124 1369 4187 in
1436 4124 1637 4188 tercio
1705 4123 1981 4187 termino
2048 4125 2634 4203 excommunicare,
2701 4125 2756 4188 si

180 4225 355 4307 velit,
427 4225 540 4290 sed
604 4227 671 4291 id
734 4251 880 4295 raro
943 4229 1217 4319 videtur,
1286 4236 1351 4294 et
1403 4236 1558 4294 tunc
1596 4231 1908 4296 decernit
1961 4229 2331 4294 huiusmodi
2377 4230 2600 4294 literas
2651 4251 2756 4295 ex-

180 4332 790 4399 communicatorias
839 4337 921 4401 ad
969 4343 1209 4419 partes.
1303 4337 1393 4401 Et
1446 4337 1502 4401 si
1556 4342 1788 4420 postea
1843 4337 2005 4407 iste2
2061 4357 2206 4400 cum
2260 4357 2482 4400 eorum
2529 4357 2757 4401 execu-

177 4442 365 4504 cione
423 4440 505 4503 ad
567 4442 810 4506 curiam
866 4442 1235 4508 huiusmodi
1290 4443 1795 4527 reportabuntur
1858 4449 1923 4506 et
1984 4464 2135 4525 pars
2202 4444 2760 4508 excommunicata

367 4654 383 4684 ¹
423 4652 497 4707 So
538 4655 627 4709 die
666 4655 900 4708 Hdschr.
978 4654 1274 4709 Vielleicht
1309 4662 1365 4711 et
1400 4657 1533 4711 odor
1568 4658 1737 4727 sepe?
1922 4656 1942 4687 ²
1982 4656 2215 4711 Hdschr.
2254 4659 2376 4711 ista.

292 4760 482 4809 Ennea,
526 4760 693 4802 Theod.
723 4760 779 4801 de
808 4762 967 4812 Nyem.
2267 4751 2331 4798 15
