3242 5184
1227 286 1652 349 —61--

169 463 257 527 eis
272 462 313 542 ¹,
353 483 482 544 que
511 460 695 527 vobis
727 462 1176 544 successerint,
1210 467 1433 527 nostro
1467 461 1553 547 [5³]
1586 461 1844 526 illibata
1872 468 2318 544 permaneant.
2370 462 2449 527 In
2481 464 2717 546 quibus

167 569 265 633 hic
318 569 601 653 proprijs
659 568 957 632 duximus
1012 569 1344 634 vocabulis
1401 566 1847 650 exprimenda:
1906 567 2152 633 Locum
2199 570 2430 652 ipsum,
2477 571 2545 632 in
2591 590 2719 652 quo

169 674 486 758 prefatum
551 676 1014 740 monasterium
1078 676 1274 739 situm
1340 680 1466 756 est,
1533 696 1680 739 cum
1744 674 2040 740 omnibus
2104 677 2515 760 pertinentijs
2563 677 2716 757 suis,

170 782 382 864 viginti
415 780 735 846 modiolos
767 787 939 846 terre
973 781 1182 846 eidem
1213 782 1605 846 monasterio
1640 780 2053 846 adiacentes²
2108 788 2174 846 et
2204 783 2429 865 viginti
2476 781 2718 848 modio-

170 889 261 953 los
306 887 486 952 silve.
580 887 810 953 Liceat
842 910 1097 971 quoque
1128 888 1310 953 vobis
1343 909 1655 971 personas
1686 887 1929 956 liberas
1962 894 2029 953 et
2059 889 2460 963 absolutase
2498 887 2753 954 seculo*

171 996 481 1078 fugientes
548 995 634 1060 ad
698 996 1181 1061 conversionem
1244 996 1532 1079 recipere
1597 1016 1676 1060 ac
1730 1015 1840 1059 eas
1896 995 2143 1079 absque
2208 996 2719 1062 contradictione

170 1102 378 1185 aliqua
443 1103 744 1167 retinere.
845 1102 1272 1168 Prohibemus
1327 1102 1610 1184 insuper,
1668 1107 1742 1165 ut
1794 1101 1955 1166 nulli
2010 1123 2304 1169 sororum
2356 1109 2719 1169 vestrarum

168 1215 308 1292 post
369 1209 617 1275 factam
679 1209 747 1272 in
811 1210 1202 1275 monasterio
1267 1214 1481 1274 vestro
1536 1208 2006 1292 professionem
2060 1208 2158 1274 fas
2216 1210 2304 1274 sit
2357 1210 2437 1274 (16
2495 1209 2720 1275 66(16111

165 1316 298 1381 1666
345 1316 712 1398 discedere,
762 1315 1201 1381 discedentem
1245 1337 1396 1381 vero
1442 1315 1660 1380 nullus
1708 1314 1949 1380 audeat
2002 1316 2301 1381 retinere.
2393 1316 2523 1381 Pro
2570 1337 2717 1381 con-

168 1422 634 1488 secrationibus
680 1444 832 1488 vero
880 1423 1190 1488 altarium
1234 1424 1337 1488 vel
1382 1423 1654 1488 ecclesie
1698 1428 1913 1488 vestre
1960 1424 2095 1488 sive
2139 1446 2258 1507 pro
2306 1423 2446 1488 oleo
2495 1429 2719 1487 sancto

166 1528 260 1593 vel
322 1529 620 1613 quolibet
681 1528 1118 1595 ecclesiastico
1183 1535 1589 1595 sacramento
1653 1529 1869 1593 nullus
1936 1550 1977 1594 a
2028 1528 2210 1594 vobis
2268 1528 2389 1594 sub
2449 1530 2720 1595 obtentu

168 1636 647 1702 consuetudinis
701 1635 804 1701 vel
863 1637 992 1701 alio
1051 1635 1244 1702 modo
1310 1637 1652 1719 quitquam
1700 1635 1942 1700 audeat
1986 1641 2391 1719 extorquere,
2440 1635 2555 1701 sed
2599 1636 2719 1701 hec

169 1744 373 1808 omnia
419 1743 628 1827 gratis
674 1743 856 1808 vobis
897 1744 1235 1826 episcopus
1284 1742 1683 1826 dyocesanus
1731 1741 2083 1825 impendat.
2176 1742 2487 1825 Alioquin
2523 1743 2720 1807 liceat

167 1849 336 1913 vobis
392 1849 518 1914 1166
572 1854 795 1914 nostra
850 1851 1238 1915 auctoritate
1292 1850 1580 1933 recipere
1640 1872 1679 1914 a
1736 1870 2142 1932 quocumque
2197 1849 2556 1914 malueritis
2614 1870 2718 1913 ca-

168 1955 395 2021 tholico
436 1957 730 2021 antistite
770 1957 1057 2038 graciam
1088 1963 1155 2021 et
1184 1957 1697 2022 communionem
1745 1957 1916 2022 sedis
1964 1955 2317 2039 apostolice
2364 1956 2715 2022 obtinente.

170 2060 405 2143 Quodsi
469 2062 655 2129 sedes
713 2063 1055 2145 dyocesani
1111 2064 1397 2148 episcopi
1444 2070 1564 2128 etc.
1622 2085 1829 2145 usque
1884 2068 2247 2145 generetur.
2342 2060 2511 2144 Quia
2565 2083 2717 2128 vero

168 2169 488 2234 interdum
538 2169 884 2252 dyocesani
931 2170 1217 2253 episcopi
1256 2172 1510 2254 copiam
1540 2193 1672 2235 non
1701 2169 1977 2251 habetis,
2026 2170 2081 2233 si
2113 2189 2305 2250 quem
2345 2170 2718 2254 episcopum

168 2273 451 2340 Romane
505 2275 699 2358 sediS,
746 2281 821 2339 ut
867 2276 1164 2358 diximus,
1221 2278 1507 2359 graciam
1554 2282 1621 2341 et
1668 2276 2180 2340 communionem
2226 2275 2593 2357 habentem,
2652 2281 2720 2340 et

172 2380 244 2445 de
306 2403 433 2465 quo
502 2381 761 2467 plenam
808 2383 1118 2448 noticiam
1162 2383 1481 2466 habeatiS,
1548 2405 1667 2467 per
1717 2405 1830 2447 vos
1885 2383 2165 2447 transire
2212 2383 2582 2465 contigerit,
2632 2381 2715 2447 ab

171 2509 238 2552 66
289 2489 774 2555 benedictiones
830 2489 1227 2572 monialium,
1283 2512 1584 2555 vasorum
1632 2495 1698 2554 et
1741 2490 2016 2554 vestium
2082 2494 2148 2554 et
2200 2490 2717 2554 consecrationes

172 2595 465 2661 altarium
503 2596 521 2685 Η
557 2596 845 2679 1661Ρ616
890 2596 1182 2661 valeatis,
1277 2597 1437 2662 Cum
1484 2602 1704 2661 autem
1749 2596 2048 2679 generale
2079 2596 2497 2660 interdictum
2544 2602 2716 2661 terre
2754 2611 2872 2666 Fol.
2913 2618 2979 2666 33
2991 2614 3030 2666 b.

171 2699 373 2784 fuerit,
431 2703 633 2767 liceat
676 2702 857 2768 vobis
907 2702 1144 2768 clausis
1190 2704 1424 2786 ianuis,
1474 2703 2044 2769 excommunicatis
2093 2708 2159 2767 et
2201 2702 2562 2767 interdictis
2609 2725 2715 2768 ex-

170 2806 373 2891 clusis,
439 2831 570 2873 non
633 2809 908 2892 pulsatis
974 2811 1306 2893 campanis
1373 2809 1590 2874 divina
1655 2809 1868 2876 officia
1933 2809 2291 2892 celebrare,
2368 2808 2715 2875 dummodo

171 2935 422 2981 causam
489 2938 618 2981 non
684 2915 994 2981 dederitis
1059 2916 1425 2981 interdicto,
1520 2915 1818 2982 Obeunte
1873 2938 2025 2982 vero
2072 2922 2158 2997 te,
2206 2937 2378 2980 nunc
2425 2915 2713 2981 eiusdem

168 3020 285 3085 loci
303 3022 661 3105 abbatissa,
693 3022 795 3087 vel
828 3043 1053 3088 earum
1074 3022 1315 3106 aliqua,
1341 3044 1466 3106 que
1498 3023 1619 3087 tibi
1659 3023 2061 3103 successerit,
2095 3022 2275 3086 nulla
2306 3023 2398 3087 ibi
2421 3023 2715 3106 qualibet

171 3130 586 3214 surreptionis
650 3132 894 3195 astutia
957 3151 1072 3194 seu
1135 3128 1442 3193 violentia
1501 3135 1917 3212 preponatur,
1978 3129 2103 3193 nisi
2168 3151 2365 3211 quam
2421 3152 2715 3195 sororum

171 3236 598 3301 communium
643 3258 961 3301 consensu
1004 3234 1107 3300 vel
1154 3257 1373 3299 earum
1421 3236 1628 3301 mai0r
1671 3257 1824 3318 pars
1867 3235 2115 3319 consilij
2168 3236 2440 3301 sanioris
2490 3258 2713 3301 secun-

172 3338 314 3405 dum
379 3342 573 3408 deum
635 3348 701 3408 et
762 3343 1120 3428 predictam
1185 3342 1476 3424 regulam
1539 3342 1939 3426 previderint
1995 3330 2358 3425 eligendam
2372 3342 2415 3407 3.
2507 3343 2713 3409 Porro

173 3446 223 3508 si
251 3449 533 3532 episcopi
564 3449 666 3514 vel
698 3450 807 3533 alij
859 3449 1278 3514 ecclesiarum
1325 3454 1608 3514 rectores
1656 3450 1723 3513 in
1770 3450 2235 3514 monasterium
2280 3456 2567 3514 vestrum
2612 3450 2714 3514 vel

173 3573 467 3634 personas
499 3556 831 3639 regulares
866 3556 1030 3620 inibi
1061 3556 1318 3622 domino
1350 3555 1738 3620 famulantes
1771 3555 2233 3638 suspensioniS,
2283 3558 2713 3621 excommuni-

174 3661 430 3727 cationis
487 3661 589 3726 vel
641 3662 969 3727 interdicti
1025 3663 1414 3727 sententiam
1467 3662 2046 3745 promulgaverint,
2112 3663 2322 3745 ipsam
2378 3668 2712 3745 tamquam

176 3773 383 3832 contra
447 3767 619 3833 sedis
684 3770 1038 3853 apostolice
1101 3769 1355 3833 indulta
1427 3769 1751 3852 prolatam
1825 3769 2227 3833 decernimus
2282 3790 2410 3834 non
2468 3764 2708 3834 tenere.

174 3868 318 3936 Paci
373 3896 631 3958 quoque
688 3881 754 3940 et
805 3875 1265 3959 tranquillitati
1320 3881 1533 3940 vestre
1588 3883 1864 3960 paterna
1918 3876 1985 3938 in
2039 3881 2372 3958 posterum
2428 3875 2711 3941 solicitu-

178 3975 310 4044 dine
362 3982 699 4066 providere
755 3982 1042 4048 volentes
1100 3983 1489 4047 auctoritate
1536 3983 1895 4066 apostolica
1941 3981 2373 4066 prohibemuS,
2423 3988 2496 4045 ut
2541 3982 2712 4046 infra

180 4082 492 4153 clausuras
553 4087 840 4154 locorum
903 4094 1263 4154 vestrorum
1334 4088 1549 4153 nullus
1613 4090 1915 4172 rapinam
1990 4109 2103 4153 seu
2166 4087 2411 4152 furtum
2475 4087 2710 4171 facere,

177 4187 371 4270 ignem
434 4216 780 4279 apponere,
847 4196 1225 4278 sanguinem
1291 4195 1578 4278 fundere,
1644 4196 1970 4260 hominem
2033 4200 2275 4259 temere
2332 4215 2565 4278 capere
2610 4195 2712 4259 vel

338 4373 357 4405 ¹
393 4379 451 4429 et
485 4375 564 4429 eis
600 4375 677 4427 im
713 4374 855 4428 Text
889 4374 1215 4430 wiederholt
1251 4374 1366 4427 und
1403 4374 1558 4428 nicht
1590 4374 1806 4444 getilgt,
2025 4373 2047 4404 ²
2082 4374 2156 4427 Es
2192 4374 2355 4427 stand
2392 4374 2711 4428 adiacentos

183 4455 271 4527 (183
301 4478 333 4516 6
367 4462 539 4517 durch
573 4462 1085 4533 Unterpunktieren
1120 4463 1334 4533 getilgt,
1373 4480 1404 4517 e
1440 4462 1681 4518 dariiber
1714 4461 2088 4533 geschrieben.
2251 4461 2274 4493 ⁸
2310 4462 2470 4518 Nach
2507 4463 2710 4533 eligen-

183 4543 294 4600 dam
328 4552 415 4605 6111
450 4556 596 4607 rotes
632 4551 881 4606 Zcichen.
955 4551 1226 4607 Dassclbc
1261 4552 1335 4605 ist
1371 4569 1462 4605 am
1497 4551 1693 4605 Randc
1729 4551 2068 4607 wiederholt.
2158 4550 2430 4606 Daneben
2467 4551 2616 4606 steht
2653 4552 2708 4603 in

182 4640 311 4690 rotet
342 4639 568 4695 Schrift:
607 4640 811 4696 Porro
848 4643 984 4695 nisi
1020 4641 1368 4710 exemptis
