3242 5184
1233 270 1721 333 -201—

216 447 583 513 consistorio
631 446 947 528 satienda,
997 447 1052 511 si
1106 445 1353 512 fructus
1370 496 1386 528 ,
1441 445 1732 511 redditus
1781 450 1847 510 et
1889 449 2237 528 proventus
2295 444 2492 509 annui
2538 464 2758 510 mense

214 555 456 639 prelati,
489 555 570 620 de
603 555 783 619 cuius
817 553 1128 619 electione
1160 553 1261 618 vel
1306 552 1762 637 postulatione,
1812 552 2219 617 accusatione
2264 550 2368 616 vel
2413 549 2757 615 denuncia-

213 663 378 726 tione
425 663 641 745 agitur
702 660 806 727 vel
859 666 1086 726 contra
1138 681 1330 743 quem
1387 660 1518 724 alia
1570 660 1837 743 querela
1889 658 2289 742 proponitur,
2346 655 2430 722 ad
2485 655 2757 722 duorum

216 769 455 834 milium
519 768 910 833 florenorum
976 768 1119 833 auri
1182 767 1467 833 valorem
1537 768 1721 832 iuxta
1797 786 2200 832 communem
2274 764 2758 829 extimationem

214 875 579 958 ascendant,
627 876 802 940 ultra
848 874 1206 955 duodecim,
1256 876 1312 939 si
1359 881 1578 940 autem
1626 873 1708 938 ad
1757 872 2030 939 duorum
2076 871 2323 936 milium
2367 870 2759 936 florenorum

213 983 401 1047 annui
446 987 797 1066 proventus
844 980 1214 1047 huiusmodi
1257 1003 1387 1046 non
1445 981 1836 1062 ascendant,
1903 981 2075 1045 ultra
2129 978 2381 1060 decem,
2438 1000 2556 1060 pro
2613 977 2756 1060 alijs

210 1111 354 1155 vero
385 1088 744 1154 minoribus
782 1089 1014 1170 causis,
1064 1088 1129 1159 si·
1163 1089 1231 1152 in
1278 1087 1449 1152 dicto
1498 1088 1881 1153 consistorio
1912 1090 2374 1170 proponantur,
2406 1085 2582 1149 ultra
2613 1090 2758 1150 octo

209 1195 481 1262 florenos
529 1196 672 1260 auri
725 1196 1014 1279 recipere
1069 1217 1196 1261 non
1251 1199 1648 1278 presumant.
1740 1194 1871 1259 Pro
1928 1193 2324 1277 patrocinio1
2380 1192 2641 1276 quidem
2693 1193 2759 1256 in

206 1305 414 1388 prima
457 1303 773 1368 instantia
816 1303 1017 1367 totius
1064 1322 1258 1367 cause
1302 1302 1685 1385 prestando,
1743 1302 1798 1366 si
1845 1322 2043 1366 causa
2085 1299 2280 1364 fuerit
2325 1299 2405 1365 de
2452 1300 2761 1365 electione

208 1410 307 1475 vel
368 1394 806 1494 postulatione
871 1409 1262 1475 cathedralis
1317 1410 1421 1475 vel
1477 1410 1794 1492 regularis
1850 1407 2119 1473 ecclesie
2167 1405 2550 1472 discorditer
2596 1405 2759 1472 cele-

206 1515 395 1582 brata
456 1516 563 1581 vel
628 1517 832 1582 electo
898 1537 1013 1581 seu
1075 1515 1403 1599 postulato
1469 1516 1704 1597 aliquis
1771 1536 1840 1580 se
1906 1517 2190 1597 opponat
2254 1520 2367 1579 aut
2439 1514 2760 1597 prelatum

208 1624 486 1689 cuiusvis
553 1623 942 1688 cathedralis
1007 1623 1106 1687 vel
1171 1623 1483 1705 regularis
1551 1622 1819 1687 ecclesie
1882 1622 2173 1687 accusari
2226 1622 2328 1686 vel
2388 1620 2763 1687 denunciari

207 1733 561 1814 contingat,
597 1731 730 1795 sive
769 1751 962 1813 super
1008 1751 1104 1812 e0,
1154 1729 1327 1812 quod
1374 1729 1729 1813 capitulum
1777 1728 2165 1795 cathedralis
2205 1728 2474 1794 ecclesie
2505 1750 2544 1792 a
2572 1729 2760 1792 iuris-

207 1838 488 1904 dictione
519 1838 754 1921 prelati
791 1843 1044 1902 asserat
1088 1858 1156 1902 se
1204 1843 1593 1921 exemptum,
1641 1837 1709 1900 in
1738 1835 2035 1902 Romana
2065 1836 2247 1901 curia
2292 1835 2565 1902 forsitan
2612 1857 2760 1900 con-

206 1945 534 2027 tendatur,
568 1945 625 2009 si
655 1944 944 2009 eiusdem
973 1944 1210 2026 prelati
1238 1944 1528 2008 redditus
1562 1944 1761 2009 annui
1792 1943 2063 2008 duorum
2093 1943 2343 2008 milium
2372 1942 2762 2009 florenorum

206 2054 348 2118 auri
393 2051 716 2133 valorem,
773 2056 846 2115 ut
899 2050 1259 2133 prefertur,
1316 2052 1676 2134 attingant,
1741 2056 2052 2134 patronus
2110 2071 2303 2115 cause
2358 2049 2531 2114 ultra
2577 2049 2759 2131 quin-

204 2160 537 2243 quaginta,
586 2159 642 2222 si
689 2162 905 2222 autem
951 2158 1163 2222 minus
1208 2158 1486 2240 valeant,
1534 2158 1709 2223 ultra
1745 2156 2196 2241 quadraginta,
2234 2161 2258 2240 ΙΙ
2293 2157 2360 2220 in
2403 2154 2759 2221 minoribus
2815 2166 2935 2221 Fol.
2961 2170 3061 2221 105
3071 2164 3111 2220 δ.

202 2287 354 2332 vero
422 2265 634 2330 causis
699 2264 874 2329 ultra
937 2265 1272 2347 triginta2,
1337 2265 1404 2328 in
1479 2264 1762 2329 secunda
1829 2285 1979 2329 vero
2054 2264 2378 2328 instancia
2441 2284 2516 2328 eo
2582 2284 2757 2343 casn,

203 2372 378 2455 quod
439 2372 912 2455 quinquaginta
966 2371 1195 2436 floreni
1251 2372 1319 2435 in
1375 2373 1586 2454 prima
1639 2372 1963 2436 instancia
2018 2371 2158 2436 dari
2223 2369 2549 2437 causidico
2614 2391 2757 2453 per-

200 2481 581 2560 mittuntur,
647 2478 821 2543 ultra
865 2478 1092 2560 viginti
1147 2479 1430 2561 quinque
1478 2485 1543 2543 et
1597 2478 1667 2541 in
1719 2479 1923 2543 tercia
1977 2478 2151 2544 ultra
2203 2477 2581 2558 duodecim,
2647 2476 2760 2542 ubi

201 2591 426 2652 autem
488 2585 559 2649 in
622 2586 833 2668 prima
895 2585 1251 2649 instantia3
1328 2586 1761 2667 quadraginta
1832 2584 2111 2650 florenos
2182 2585 2336 2649 licet
2405 2585 2757 2667 percipere,

201 2693 524 2758 advocato
555 2692 625 2756 in
665 2691 948 2756 secunda
989 2691 1162 2756 ultra
1191 2692 1418 2775 viginti
1461 2699 1527 2757 et
1564 2693 1632 2756 in
1677 2692 1875 2758 tertia
1919 2692 2249 2775 instantijs
2297 2692 2471 2757 ultra
2517 2690 2757 2772 decem,

203 2801 276 2865 in
323 2798 472 2882 alijs
520 2819 672 2863 vero
720 2799 933 2862 causis
981 2798 1407 2881 minoribus4,
1454 2821 1572 2883 pro
1620 2799 1856 2882 quibus
1903 2801 1971 2863 in
2015 2800 2225 2882 prima
2270 2799 2581 2863 instantia
2608 2797 2763 2862 licet

199 2905 331 2971 sibi
389 2906 679 2988 recipere
722 2905 1043 2987 triginta,
1110 2906 1178 2969 in
1235 2905 1519 2972 secunda
1572 2906 1744 2971 ultra
1790 2907 2158 2990 quindecim
2204 2914 2270 2971 et
2312 2906 2380 2970 in
2424 2905 2622 2970 tertia
2664 2905 2759 2968 in-

201 3012 468 3095 stantijs
500 3012 675 3077 ultra
721 3017 971 3095 septem
1016 3012 1293 3078 florenos
1338 3013 1484 3092 ⁴auri
1528 3019 1843 3096 patronus
1890 3015 2179 3097 recipere
2226 3035 2354 3077 non
2408 3017 2757 3095 presumat.

197 3119 878 3185 Procuratores⁵vero
912 3140 1273 3201 causarum,
1297 3121 1408 3202 qui
1439 3121 1507 3184 in
1526 3120 1824 3185 Romana
1856 3121 2035 3185 curia
2057 3122 2286 3205 [sunt],
2308 3119 2763 3184 medietatem6

199 3227 614 3308 salariorum,
664 3247 787 3308 que
820 3226 1171 3291 secundum
1217 3226 1693 3291 moderationes
1740 3226 2063 3309 predictas
2095 3226 2415 3308 recipiant
2444 3225 2760 3307 advocati,

196 3335 459 3418 possint
511 3334 796 3415 recipere
855 3339 922 3397 et
973 3354 1101 3396 non
1156 3333 1345 3397 ultra.
1439 3333 1528 3397 Et
1585 3334 1740 3415 quia
1793 3332 2100 3398 nonnulle
2156 3338 2307 3396 sunt
2361 3331 2628 3396 ecclesie
2686 3353 2763 3396 ac

198 3441 638 3521 monasteria,
705 3461 979 3522 qnorum
1032 3439 1322 3504 redditus
1379 3445 1445 3504 et
1500 3445 1849 3523 proventus
1907 3437 1989 3503 ad
2046 3438 2316 3502 duorum
2373 3438 2762 3503 florenorum

198 3547 492 3613 valorem
537 3568 822 3610 annuum
866 3567 996 3609 non
1044 3545 1420 3628 ascendunt,
1468 3567 1587 3630 per
1633 3547 1951 3629 premissa
1982 3568 2109 3610 non
2140 3545 2533 3610 intendimus
2568 3545 2760 3610 clien-

198 3654 361 3719 tulis
430 3653 718 3719 solvendi
781 3654 1233 3717 necessitatem
1297 3653 1628 3737 imponere
1685 3653 1785 3717 vel
1842 3653 2173 3718 advocatis
2240 3652 2535 3735 exigendi
2600 3652 2761 3716 inte-

201 3761 473 3844 graliter
519 3782 801 3825 summas
858 3759 1181 3842 predictas
1240 3759 1525 3825 tribuere
1580 3760 1978 3827 facultatem.
2071 3758 2200 3824 Sed
2255 3759 2413 3823 dicti
2468 3758 2762 3824 advocati

202 3890 324 3952 pro
391 3867 904 3933 consideratione
969 3865 1351 3931 facultatum
1408 3869 1827 3933 ecclesiarum
1882 3873 1949 3932 et
2001 3867 2541 3931 monasteriorum
2606 3865 2762 3930 alio-

204 3994 479 4056 rumque
531 3974 819 4038 locorum
874 3979 940 4038 et
983 3996 1100 4057 pro
1147 3975 1364 4039 valore
1409 3996 1626 4039 rerum
1674 3979 1739 4039 et
1785 3975 2149 4039 conditione
2194 3974 2587 4057 litigantium
2633 3994 2762 4037 non

204 4088 398 4164 turpe
446 4081 933 4162 compendium,
1002 4081 1115 4146 sed
1170 4081 1382 4146 laudis
1438 4085 1788 4164 augmenta
1834 4086 2178 4163 querentes
2224 4080 2393 4145 infra
2438 4079 2763 4163 predictas

388 4278 406 4308 ¹
461 4276 676 4348 Desgl.:
740 4278 809 4331 de
869 4277 1071 4332 salario
1122 4280 1181 4331 in
1234 4280 1416 4347 prima
1468 4279 1734 4332 instantia
1789 4278 2044 4333 advocati
2098 4280 2156 4330 in
2212 4277 2511 4331 maioribus
2566 4278 2759 4330 causis.

210 4367 231 4398 ²
267 4366 444 4419 Links
481 4383 571 4419 am
607 4366 802 4421 Raude
837 4384 950 4421 von
987 4366 1277 4421 derselben
1313 4366 1508 4436 Hand,
1555 4366 1765 4422 welche
1801 4367 1891 4420 die
1927 4366 2031 4420 auf
2060 4367 2169 4420 den
2205 4365 2394 4420 Inhalt
2428 4367 2525 4420 des
2561 4365 2763 4419 Textes

208 4454 570 4526 beziiglichen
604 4454 1045 4527 Anmerkungen
1080 4454 1320 4509 schrieb:
1358 4455 1620 4511 salarium
1655 4456 1716 4508 in
1751 4457 1929 4509 causis
1966 4454 2286 4509 minoribus,
2485 4455 2508 4485 ⁸
2542 4453 2761 4525 DesgL:

210 4544 280 4599 de
315 4543 516 4598 salario
551 4545 610 4596 in
647 4544 890 4597 secunda
925 4547 1189 4599 instantia
1226 4548 1281 4598 et
1306 4545 1485 4598 tertia.
1631 4543 1655 4574 ⁴
1689 4543 1907 4615 Desgl.:
1944 4545 2004 4597 in
2030 4543 2349 4600 minoribus.
2498 4544 2519 4576 ⁵
2543 4542 2760 4615 Desgl.:

212 4633 279 4689 de
313 4633 514 4688 salario
550 4639 982 4703 procuratorum.
1130 4635 1151 4665 ⁶
1189 4633 1423 4690 Hdschr.
1465 4634 1775 4691 medietate.
