3242 5184
206 2410 325 2466 Fol.
366 2414 433 2462 24
447 2417 486 2462 ⁸.

207 3973 326 4027 Fol.
367 3978 434 4026 24
444 3973 485 4026 ι’.

1583 298 2024 360 -44-

522 474 850 538 Nazareth
882 480 1166 539 castrum
1199 473 1532 557 Saphorie,
1576 473 1751 557 (111οᾶ

523 580 648 645 fuit
694 582 885 664 regis.

654 704 823 769 Item
854 711 1138 770 montem
1170 705 1451 788 Thabor,
1485 708 1597 789 qui
1627 706 1753 770 fuit

524 811 783 876 abbatis
840 812 1125 877 eiusdem
1170 813 1297 877 loci
1352 818 1417 877 et
1463 820 1751 877 castrum

523 909 740 999 Burie,
773 917 944 1000 quod
989 918 1113 983 fuit
1140 918 1428 983 eiusdem
1468 919 1747 983 abbatis.

654 1041 823 1108 Item
845 1044 1170 1107 civitatem
1188 1042 1418 1126 Naym,
1452 1044 1567 1109 ubi
1597 1044 1751 1109 olim

522 1150 647 1213 fuit
693 1150 877 1214 sedes
928 1150 1331 1234 episcopalis,

655 1273 825 1339 Item
874 1273 1369 1357 Beersaydaml,
1419 1277 1751 1341 civitatem

523 1381 706 1445 Petri
753 1387 819 1445 et
862 1380 1125 1445 Andree
1172 1382 1631 1464 apostolorum.

656 1504 826 1570 Item
882 1512 1196 1586 castrum,
1245 1506 1417 1589 quod
1467 1506 1750 1571 Bellum-

523 1612 743 1676 videre
809 1612 1047 1676 dicitur
1111 1619 1177 1677 et
1230 1612 1355 1677 fuit
1407 1613 1750 1697 hospitalis

524 1718 1065 1783 Ierusalemitani.

656 1841 824 1907 Item
889 1844 956 1906 in
1019 1850 1197 1908 terra
1260 1843 1340 1908 de
1406 1844 1572 1925 Gor,
1639 1845 1751 1910 ubi

525 1949 648 2014 fuit
667 1948 948 2015 Sodoma
980 1956 1046 2014 et
1067 1950 1406 2032 Gomorra,
1441 1957 1750 2033 castrum,

525 2055 697 2138 (111οᾶ
762 2057 1184 2121 Μ6166661616
1248 2057 1510 2139 dicitur,
1577 2057 1751 2140 quod

524 2161 648 2226 fuit
692 2163 882 2245 regis.

656 2286 824 2350 Item
869 2286 1151 2368 Iericho,
1210 2309 1334 2369 que
1381 2287 1505 2352 fuit
1550 2288 1751 2353 abba-

524 2395 681 2458 tisse
716 2397 739 2483 ΙΙ
775 2394 983 2458 sancti
1028 2392 1263 2458 Lazari
1310 2395 1389 2459 (16
1431 2394 1753 2459 Bethania

525 2506 591 2564 et
637 2500 839 2564 distat
885 2500 967 2565 ab
1014 2500 1137 2565 hac
1182 2507 1368 2583 parte
1416 2524 1455 2566 a
1494 2501 1750 2566 Ierusa-

525 2607 653 2671 lem
700 2627 815 2690 per
862 2613 1109 2690 septem
1154 2607 1393 2672 leucas.

657 2730 825 2794 Item
874 2752 1068 2814 super
1098 2753 1278 2797 mare
1312 2731 1566 2797 Galilee
1598 2733 1750 2796 civi-

524 2843 731 2901 tatem
778 2837 1182 2920 TyberiadiS,
1243 2860 1368 2921 que
1416 2845 1517 2904 est
1563 2840 1750 2904 sedes

526 2943 948 3027 episcopaliS,
1017 2951 1082 3009 et
1145 2947 1557 3028 protenditur
1633 2947 1751 3010 hec

525 3055 703 3113 terra
749 3071 865 3133 per
913 3050 1073 3116 duas
1113 3074 1382 3135 magnas
1431 3053 1639 3117 dietas
1688 3059 1754 3117 et

527 3158 832 3240 ampliuS,
910 3163 976 3223 et
1039 3158 1158 3223 hec
1223 3160 1439 3224 omnia
1505 3160 1755 3225 detinet

528 3285 674 3328 cum
722 3265 853 3328 suis
901 3266 1340 3349 pertinencijS.

657 3387 827 3452 Item
874 3410 1096 3452 versus
1142 3389 1456 3454 Arabiam
1504 3410 1583 3453 ex
1628 3389 1751 3454 hac

525 3501 711 3579 parte
744 3502 1048 3577 castrum,
1099 3495 1270 3577 quod
1312 3495 1547 3560 dicitur
1579 3495 1753 3561 Cava

527 3603 606 3666 de
640 3601 817 3684 Suet,
866 3603 977 3685 qui
1010 3609 1111 3667 est
1139 3602 1392 3683 fluviuS,
1427 3604 1538 3685 qui
1570 3604 1753 3667 iuxta

527 3708 954 3790 Tyberiadem
1009 3708 1203 3774 fluvio
1257 3708 1555 3774 Iordanis
1610 3711 1752 3773 iun-

1861 473 2054 555 gitur.
2148 470 2465 535 Dominus
2522 474 2740 533 autem
2795 465 3109 531 Tiberia-

1861 579 1962 643 dis
2007 583 2277 644 vocatur
2322 577 2623 660 princeps
2671 574 2943 640 Galilee.

1991 721 2161 786 Item
2194 720 2441 784 detinet
2470 717 2712 801 'Pyrum
2745 722 2811 781 et
2841 716 3103 795 Accon,

1856 850 2082 893 versus
2130 832 2441 892 montana
2487 830 2771 889 castrum
2808 821 3104 906 Zaphet,

1860 934 2035 1018 quod
2081 935 2206 998 fuit
2252 933 2787 1016 Templariorum.

1989 1076 2157 1141 Item
2224 1081 2508 1140 castrum
2572 1053 2834 1154 novum,
2913 1070 3104 1154 quod

1857 1183 1982 1248 fuit
2045 1183 2287 1248 domini
2342 1181 2639 1261 Turonis,
2705 1179 2876 1263 quod
2947 1200 3101 1244 esse

1860 1290 2055 1355 debet
2099 1289 2230 1354 filie
2277 1288 2589 1372 principis
2634 1286 2894 1369 Rupini.

1990 1431 2160 1496 Item
2190 1431 2429 1495 vadum
2459 1429 2693 1511 Jacob,
2744 1428 2919 1511 quod
2970 1428 3102 1493 fuit

1858 1538 2396 1623 Templariorum.

1990 1681 2160 1746 Item
2207 1680 2552 1746 Cesaream
2599 1679 2906 1763 Philippi,
2963 1700 3097 1761 que

1858 1789 2121 1853 Belinas
2169 1788 2521 1871 vulgariter
2567 1786 2967 1870 appellatur,
3032 1792 3097 1850 et

1859 1902 1959 1960 est
1991 1894 2175 1959 sedes
2209 1894 2593 1978 episcopalis
2627 1900 2693 1957 et
2712 1892 2906 1956 debet
2947 1913 3096 1957 esse

1858 2002 1989 2066 filie
2021 2002 2329 2085 principis
2362 1998 2628 2084 Rupini,
2678 2006 2744 2063 et
2788 1999 2908 2063 1166
2955 2022 3094 2065 0111-

1858 2110 1969 2172 616
2023 2114 2202 2173 tenet
2255 2130 2400 2172 cum
2455 2107 2872 2190 pertinencijs
2928 2109 3092 2188 suis,

1862 2222 1927 2281 et
1957 2215 2077 2279 hec
2104 2222 2282 2279 terra
2308 2214 2718 2298 protenditur
2744 2234 2863 2296 per
2888 2235 3093 2279 unam

1859 2343 2161 2405 magnam
2207 2320 2450 2386 dietam
2498 2326 2563 2385 et
2609 2319 2906 2404 amplius.

1994 2464 2203 2547 Super
2248 2465 2491 2546 Tyrum
2535 2470 2669 2528 tres
2709 2484 2901 2527 cavas
2950 2485 3092 2527 mu-

1859 2573 2219 2636 nitissimas
2268 2592 2414 2635 cum
2461 2570 2805 2636 montanis

1991 2712 2161 2777 Item
2207 2714 2274 2776 in
2308 2713 2686 2796 episcopatu
2719 2710 3091 2776 Sidoniensi

1861 2827 2186 2901 castrum,
2254 2818 2427 2901 quod
2476 2817 2761 2883 Belforte
2827 2817 3088 2897 dicitur,

1860 2933 1927 2990 et
1980 2948 2205 2991 cavam
2259 2925 2631 2990 Beleassem
2696 2946 2841 2988 cum
2907 2946 3090 2990 mon-

1858 3034 2051 3113 16616,
2118 3038 2184 3096 et
2237 3033 2645 3116 protenditur
2697 3032 2841 3115 plus
2890 3051 3090 3113 quam
3216 3076 3217 3083 1

1860 3161 1976 3223 per
2021 3139 2263 3203 dietam
2309 3159 2631 3220 magnam.

1991 3280 2069 3344 In
2118 3281 2496 3364 episcopatu
2540 3279 2866 3345 Beritensi
2923 3281 3084 3346 duas

1861 3410 2052 3452 cavas
2100 3387 2564 3452 munitissimas
2597 3409 2743 3451 cum
2786 3388 3084 3453 omnibus

1860 3495 2212 3575 montanis,
2280 3514 2403 3575 que
2467 3493 2763 3559 similiter
2826 3501 3083 3578 proten-

1861 3602 2037 3666 ditur
2069 3601 2151 3666 ad
2182 3622 2378 3664 unam
2410 3621 2712 3683 magnam
2745 3601 2989 3666 dietam
3023 3606 3083 3665 et
3212 3626 3213 3631 ¹

1861 3709 2026 3792 plus,

708 3944 732 4023 ΙΙ
769 3938 1151 4023 Supplicant
1182 3963 1230 4004 6.
1265 3964 1322 4005 v.
1371 3940 1598 4005 fideles
1648 3946 1714 4004 et
1761 3940 1974 4005 devoti
2023 3940 2366 4005 servitores
2414 3961 2489 4004 66
2536 3939 2891 4003 familiares
2942 3962 2990 4004 6.
3025 3960 3072 4003 6.

527 4051 593 4110 et
638 4045 809 4110 sedis
857 4047 1208 4130 apostolice
1256 4047 1583 4112 auditores
1631 4047 1830 4111 vestri
1878 4048 2046 4111 sacri
2092 4046 2357 4129 palacij,
2406 4052 2725 4128 quatenus
2784 4048 2877 4111 eis
2935 4068 3075 4112 con-

528 4151 756 4217 cedere
804 4151 1153 4234 dignemini
1200 4152 1279 4217 de
1326 4154 1545 4235 gracia
1578 4153 1866 4237 speciali,
1912 4159 1989 4217 ut
2025 4154 2152 4236 ipsi
2183 4158 2249 4217 et
2279 4173 2502 4219 eorum
2535 4153 2812 4234 quilibet
2840 4153 3072 4218 habere

528 4260 782 4343 possint
827 4259 1034 4324 altare
1081 4259 1385 4342 portatile
1434 4266 1498 4324 et
1541 4261 1610 4323 in
1656 4261 1799 4344 ipso
1832 4260 2160 4325 celebrare
2206 4259 2307 4324 vel
2340 4280 2558 4325 coram
2607 4280 2676 4323 se
2722 4281 2839 4343 per
2885 4261 3071 4324 alium

531 4386 646 4429 seu
710 4365 1035 4430 submissa
1098 4387 1253 4432 voce
1317 4366 1528 4432 facere
1594 4367 1911 4432 celebrari
1975 4365 2212 4432 cotidie
2277 4371 2344 4430 et
2396 4388 2591 4450 super
2643 4365 2769 4449 hijs
2817 4366 3072 4431 cuilibet

712 4636 727 4667 ¹
766 4654 794 4689 r
830 4635 975 4690 korr.
1014 4653 1113 4691 aus
1148 4641 1173 4691 t
1208 4654 1319 4692 von
1356 4635 1648 4691 derselben
1688 4636 1873 4690 Hand.
