3242 5184
1434 295 1556 356 185
1649 331 1739 339 -

214 476 354 536 tum
412 472 510 536 vel
565 493 758 555 super
811 471 1123 536 beneficio
1180 471 1617 536 ecclesiastico
1674 491 1818 535 cum
1881 490 2037 532 cura
2081 467 2182 532 vel
2227 466 2365 531 sine
2412 486 2569 529 cura
2614 462 2764 528 sim-

214 577 470 661 pliciter
502 579 604 643 vel
640 600 784 642 cum
817 577 1167 660 additione,
1216 579 1418 643 eciam
1466 579 1522 642 si
1569 577 1848 660 dignitas
1895 575 1995 640 vel
2040 578 2422 659 personatus
2468 591 2583 636 seu
2628 569 2766 635 offi-

212 683 377 749 tium
425 687 682 768 existat,
730 685 832 750 vel
885 706 1079 769 super
1124 685 1458 768 dignitate,
1505 689 1860 768 personatu
1903 682 2006 747 vel
2051 680 2253 747 offitio
2297 680 2365 743 in
2412 677 2769 745 cathedrali

211 791 317 857 vel
362 791 707 875 collegiata
736 799 987 857 tantum
1017 791 1397 857 vacantibus
1430 792 1528 857 vel
1558 792 1883 856 vacaturis
1914 789 2016 860 vel
2047 790 2243 854 etiam
2275 786 2355 852 de
2386 785 2768 851 canonicatu

213 904 284 963 et
342 898 677 981 prebenda
741 921 817 964 ac
880 898 1196 982 dignitate
1218 949 1233 980 ,
1291 905 1642 981 personatu
1697 899 1798 963 vel
1843 896 2047 962 offitio
2093 902 2159 961 et
2203 895 2284 961 de
2329 893 2766 978 prestimonijs

212 1012 283 1070 et
324 1007 523 1071 etiam
570 1005 649 1071 de
694 1013 990 1072 mensata
1035 1005 1257 1071 decem
1288 1006 1696 1072 Turonenses
1743 1025 2000 1087 grossos
2047 1003 2298 1086 argenti
2343 1005 2408 1067 et
2434 1022 2565 1066 non
2595 1000 2769 1065 ultra

209 1118 490 1177 taxetur.

390 1218 786 1284 Executoria
803 1242 953 1285 vero
975 1220 1263 1285 eiusdem
1284 1220 1620 1285 duodecim
1632 1220 2040 1285 Turonenses
2062 1224 2129 1283 et
2146 1239 2275 1282 non
2294 1217 2468 1281 ultra
2485 1222 2763 1281 taxetur.

391 1325 481 1390 Et
510 1326 633 1391 hoc
663 1310 835 1391 idem
864 1328 932 1391 in
977 1327 1212 1393 litteris
1258 1330 1664 1411 prioratuum
1696 1326 2215 1392 conventualium
2247 1346 2323 1389 ac
2356 1324 2764 1407 dignitatum,

206 1440 695 1518 personatuum,
729 1432 1077 1499 offitiorum
1109 1441 1176 1500 et
1205 1434 1687 1516 beneficiorum,
1736 1434 1818 1499 ad
1865 1454 1991 1517 que
2030 1453 2305 1516 persone
2351 1437 2768 1496 assumuntur

206 1563 327 1625 per
375 1541 790 1623 electionem,
837 1542 1248 1607 inconsuetas
1297 1542 1618 1607 clausulas
1665 1542 1768 1606 vel
1813 1541 2218 1606 narrationes
2264 1541 2330 1603 in
2379 1560 2448 1604 se
2503 1538 2765 1603 minime

207 1648 689 1715 continentibus
735 1649 1125 1732 precipimus
1172 1649 1520 1714 observari.

391 1754 461 1821 Si
491 1776 642 1820 vero
672 1756 740 1819 in
772 1755 1015 1820 eisdem
1059 1756 1293 1821 litteris
1339 1758 1642 1838 gratiosis
1690 1763 1755 1821 et
1798 1757 2184 1840 executorijs
2230 1754 2602 1821 earumdem
2649 1755 2764 1820 ali-

205 1884 338 1946 que
386 1863 672 1927 clausule
717 1883 847 1926 non
894 1883 1262 1928 communes
1316 1865 1418 1928 vel
1474 1863 1734 1928 insolite
1790 1869 2223 1947 apponantur,
2272 1868 2431 1946 puta
2474 1864 2763 1928 narratio

202 1971 566 2035 vacationis
611 1969 904 2053 beneficij
957 1976 1022 2034 et
1074 1971 1527 2036 reservationis
1582 1968 1876 2053 beneficij
1935 1968 2233 2052 specialis
2273 1964 2388 2034 'vel
2443 1970 2763 2052 generalis

203 2084 364 2142 ante
410 2076 512 2141 vel
557 2082 708 2160 post
751 2077 1153 2141 vacationem
1198 2077 1368 2142 facte
1415 2077 1494 2142 de
1531 2077 1644 2142 illo
1676 2077 1777 2141 vel
1807 2078 2094 2141 narratio
2126 2078 2579 2158 resignationis
2612 2078 2761 2141 sim-

201 2185 466 2268 pliciter
519 2184 620 2249 vel
677 2205 755 2247 ex
802 2205 1000 2249 causa
1044 2185 1543 2268 permutacionis
1590 2184 1671 2248 de
1717 2183 2023 2249 mandato
2069 2191 2291 2248 nostro
2338 2182 2617 2249 admisse
2662 2185 2763 2250 vel

203 2291 504 2356 clausula
566 2293 1028 2374 acceptationis
1092 2291 1193 2356 vel
1248 2292 1750 2376 dispensationis
1816 2312 2011 2374 super
2075 2290 2327 2356 defectu
2394 2292 2584 2356 etatis
2661 2292 2761 2356 vel

200 2398 522 2462 natalium
568 2398 670 2464 vel
724 2419 919 2482 super
970 2399 1342 2482 pluralitate
1388 2396 1847 2463 beneficiorum
1894 2405 1960 2462 et
2004 2398 2130 2463 alie
2174 2397 2542 2463 huiusmodi
2587 2400 2760 2464 clau-

202 2505 349 2570 sule
377 2506 656 2588 insolite,
704 2529 833 2571 non
877 2506 1104 2570 habita
1152 2505 1664 2570 consideratione
1712 2504 1794 2570 ad
1825 2504 2107 2570 valorem
2139 2505 2457 2590 beneficij,
2507 2506 2586 2571 de
2633 2527 2760 2588 quo

198 2612 322 2677 fiet
377 2614 588 2695 gratia
610 2664 625 2695 ,
675 2612 789 2677 sed
844 2612 927 2677 ad
981 2612 1269 2677 laborem
1317 2613 1634 2696 scripture
1689 2612 2055 2693 dumtaxat,
2111 2635 2228 2697 pro
2276 2613 2527 2678 duabus
2572 2612 2760 2679 lineis

200 2720 644 2786 clausularum
697 2721 1104 2785 insolitarum
1157 2718 1524 2784 huiusmodi
1580 2718 1884 2783 dimidius
1940 2718 2334 2786 Turonensis
2390 2721 2642 2802 argenti
2697 2728 2763 2786 et

201 2850 336 2893 non
383 2828 528 2912 plus
577 2832 977 2912 supponatur
1023 2833 1088 2892 et
1134 2831 1541 2910 computetur
1586 2825 1758 2891 ultra
1803 2828 2201 2892 taxationem
2247 2827 2623 2910 predictam.

383 2936 485 3001 De
541 2935 838 3001 omnibus
886 2934 1032 3017 alijs
1087 2934 1274 2998 lineis
1330 2933 1756 3012 restantibus,
1804 2934 1859 2998 si
1906 2955 2030 3016 que
2086 2933 2353 3015 fuerint,
2411 2935 2534 3000 hoc
2587 2933 2760 3000 idem

202 3043 454 3107 servari
499 3042 900 3107 mandantes.

384 3150 485 3214 De
531 3150 1001 3229 commissione,
1051 3170 1179 3231 qua
1225 3149 1570 3214 mandatur
1614 3148 1937 3232 provideri
1983 3148 2296 3214 monacho
2343 3149 2423 3215 de
2469 3151 2760 3233 prioratu

199 3257 308 3321 vel
352 3256 666 3322 beneficio
712 3257 985 3321 seculari
1032 3262 1098 3320 et
1142 3277 1288 3319 cum
1333 3255 1775 3336 translatione,
1823 3255 2102 3320 sedecim
2149 3256 2577 3322 TuronenseS.

382 3364 484 3429 De
530 3364 1000 3444 commissione,
1049 3362 1220 3445 quod
1252 3363 1668 3446 provideatur
1697 3361 1777 3426 de
1808 3363 2100 3446 prioratu
2128 3363 2230 3428 vel
2262 3364 2389 3429 alio
2421 3362 2756 3448 beneficiO,

199 3472 328 3536 nisi
374 3477 664 3555 tempore
713 3470 860 3535 date
906 3472 1005 3535 ius
1043 3474 1067 3553 ΙΙ
1105 3470 1211 3553 alij
1263 3471 1348 3534 sit
1392 3471 1737 3552 quesitum,
1787 3469 2066 3535 sedecim
2114 3469 2542 3537 ΤΗΙ-0116116661.
2796 3475 2915 3530 Fol.
2956 3480 3073 3530 Μ’.

382 3578 484 3643 De
530 3579 1000 3660 commissione,
1049 3577 1223 3661 quod
1268 3576 1683 3662 provideatur
1729 3576 1809 3642 de
1854 3578 2144 3661 prioratu
2190 3582 2335 3660 etc.,
2382 3585 2458 3643 ut
2500 3580 2568 3643 in
2613 3600 2755 3663 pre-

201 3686 459 3752 cedenti
501 3686 813 3770 proxima.
832 3685 854 3724 1

381 3793 481 3857 De
529 3792 893 3858 confessore
941 3793 1234 3876 eligendo
1282 3793 1661 3876 simpliciter
1706 3791 1931 3858 decem
1976 3792 2404 3860 TuronenseS.

380 3899 481 3965 De
543 3900 946 3982 indulgentia
1007 3900 1300 3984 plenaria
1361 3921 1477 3983 pro
1543 3922 1672 3966 uno
1737 3899 2253 3983 quatuordecim,
2320 3923 2436 3985 pro
2499 3901 2636 3966 viro
2694 3907 2760 3966 et

110 4048 116 4052 -
202 4029 405 4074 uxore
452 4007 732 4074 sedecim
778 4007 1207 4074 Turonenses

380 4112 483 4179 De
530 4113 722 4178 altari
768 4114 1079 4198 portatili,
1130 4116 1327 4180 etiam
1375 4116 1431 4179 si
1476 4137 1593 4200 pro
1644 4115 1966 4197 duobuss.
2005 4165 2018 4179 .
2057 4122 2113 4179 ‚2
2158 4115 2588 4182 TuronenseS.

379 4220 482 4285 De
528 4220 959 4286 celebratione
1005 4228 1156 4286 ante
1201 4221 1413 4286 lucem
1460 4221 1684 4287 decem
1729 4222 2158 4287 Turonenses.

377 4327 481 4393 De
521 4329 941 4393 sacramentis
974 4329 1432 4395 eccleciasticis
1463 4329 1908 4394 ministrandis
1946 4352 2063 4414 pro
2096 4330 2502 4397 confessore3
2532 4331 2756 4397 decem

199 4435 630 4501 Turonenses.

382 4669 400 4703 ¹
441 4676 501 4727 ut
525 4699 592 4708 —
617 4671 866 4743 proxima
901 4677 988 4729 rot
1023 4672 1439 4733 unterstriehen.
1564 4673 1585 4707 ²
1622 4671 1760 4734 Zahl
1784 4671 1937 4732 fehlt.
2050 4673 2071 4704 ³
2095 4672 2438 4732 Vermutlich
2473 4691 2574 4749 per
2610 4672 2751 4732 conf.
