3242 5184
438 473 952 557 Privilegium
998 472 1453 538 monialium
1501 470 2066 537 Cisterciensis
2115 472 2437 538 ordinis.

349 633 754 717 Religiosam
815 635 1017 698 vitam
1076 639 1197 698 etc.
1265 655 1471 716 usque
1556 634 2042 698 communimus,
2162 631 2468 714 Inprimis
2534 632 2730 714 siqui-

184 740 322 805 dem
366 746 490 805 etc.
542 762 747 824 usque
804 740 1199 806 observetur.
1283 740 1595 804 Preterea
1644 760 2083 823 quascumque
2126 740 2566 821 possessiones
2608 745 2728 802 etc.

184 868 381 929 usque
445 852 894 930 permaneant.
988 845 1068 910 In
1132 847 1368 929 quibus
1432 846 1538 910 hic
1600 847 1882 931 proprijs
1948 845 2247 910 duximus
2314 845 2732 930 exprimenda

180 953 538 1020 vocabulis:
581 953 829 1019 Locum
859 953 1072 1037 ipsum
1105 958 1225 1017 etc.
1260 974 1466 1036 usque
1497 952 1892 1036 possidebat.
1960 951 2129 1017 Sane
2160 952 2457 1018 laborum
2489 958 2730 1018 vestro·
2801 975 2806 980 ⁷

180 1082 317 1124 rum
378 1066 505 1125 etc.
559 1081 765 1142 usque
821 1065 1174 1143 presumat.
1269 1059 1498 1124 Liceat
1547 1081 1803 1142 quoque
1871 1059 2051 1124 vobis
2118 1081 2428 1142 personas
2490 1059 2730 1123 liberas

183 1173 246 1232 et
288 1167 631 1232 absolutas
688 1189 722 1231 e
783 1167 998 1233 seculo
1035 1166 1053 1256 ΙΙ
1091 1166 1409 1248 fugientes
1470 1165 1552 1230 ad
1609 1167 2092 1231 conversionem
2159 1166 2447 1249 recipere
2510 1170 2575 1230 et
2621 1187 2731 1229 eas
2768 1181 2886 1237 Fol.
2928 1187 2994 1235 32
3011 1188 3047 1234 ²².

182 1272 423 1356 absque
473 1273 984 1340 contradictione
1032 1275 1253 1356 aliqua
1282 1273 1581 1338 retinere.
1668 1271 2095 1338 Prohibemus
2127 1273 2408 1356 insuper,
2457 1278 2531 1337 ut
2570 1272 2734 1336 nulli

132 1384 138 1390 '
182 1400 469 1444 sororum
523 1385 885 1443 vestrarum
943 1385 1092 1463 post
1146 1380 1386 1443 factam
1439 1381 1507 1443 in
1560 1379 1953 1444 monasterio
2009 1385 2225 1444 vestro
2271 1378 2734 1462 professionem

179 1484 271 1549 fas
327 1486 417 1549 sit
474 1486 616 1551 sine
673 1485 1006 1552 abbatisse
1065 1507 1178 1550 sue
1223 1486 1486 1550 licentia
1541 1485 1620 1550 de
1670 1485 1893 1551 eodem
1939 1485 2080 1550 loco
2129 1485 2480 1567 discedere,
2530 1484 2732 1550 disce-

181 1590 434 1656 dentem
501 1612 653 1658 vero
718 1599 838 1657 etc.
905 1614 1110 1675 usque
1174 1595 1471 1657 retinere.
1565 1592 1739 1657 Illud
1787 1593 2141 1657 districtius
2200 1591 2587 1673 inhibentes,
2652 1613 2734 1656 ne

180 1700 382 1762 terras
424 1720 544 1763 seu
576 1699 913 1782 quodlibet
956 1698 1345 1764 beneficium
1392 1700 1660 1764 ecclesie
1708 1705 1919 1764 vestre
1966 1699 2272 1763 collatum
2314 1699 2510 1762 liceat
2539 1697 2734 1762 alicui

178 1805 612 1886 personaliter
676 1806 817 1870 dari
883 1807 1015 1870 sive
1080 1806 1208 1871 alio
1273 1805 1462 1871 modo
1528 1806 1799 1872 alienari
1856 1806 2103 1890 absque
2160 1827 2480 1871 consensu
2533 1806 2734 1871 totius

182 1911 447 1993 capituli
479 1912 583 1977 vel
615 1913 883 1978 maioris
916 1918 1032 1977 aut
1062 1913 1338 1977 sanioris
1368 1914 1575 1996 partis
1606 1914 1830 1997 ipsius.
1896 1912 1967 1978 Si
2000 1934 2125 1996 que
2156 1933 2306 1978 vero
2353 1911 2734 1978 donationes

183 2024 293 2081 aut
347 2018 779 2085 alienationes
835 2020 1044 2102 aliter,
1108 2041 1303 2102 quam
1361 2018 1605 2084 dictum
1652 2026 1770 2103 est,
1833 2021 2004 2085 facte
2051 2019 2310 2101 fuerint,
2359 2040 2489 2084 eas
2516 2020 2735 2106 irritas

184 2144 318 2189 esse
378 2147 738 2191 censemus.
831 2126 1109 2211 Insuper
1166 2127 1556 2192 auctoritate
1603 2127 1964 2210 apostolica
2007 2126 2372 2208 inhibemus
2420 2132 2539 2190 etc.
2560 2126 2582 2164 1
2628 2148 2733 2190 us-

185 2251 305 2312 que
359 2232 780 2298 intromittat.
874 2232 1003 2297 Pro
1060 2232 1652 2298 consecrationibus
1707 2254 1858 2299 vero
1915 2233 2219 2297 altarium
2273 2233 2374 2297 vel
2433 2232 2733 2297 ecclesia-

184 2358 323 2402 rum
369 2340 507 2404 sive
554 2361 673 2421 pro
721 2339 862 2405 oleo
912 2345 1135 2405 sancto
1181 2340 1281 2404 vel
1330 2339 1620 2422 quolibet
1666 2340 1793 2405 alio
1841 2338 2279 2404 ecclesiastico
2329 2346 2734 2405 sacramento

185 2444 397 2510 nullus
432 2468 474 2511 a
505 2446 688 2511 vobis
721 2447 840 2511 sub
875 2446 1143 2513 obtentu
1175 2446 1658 2512 consuetudinis
1692 2453 1812 2511 etc.
1861 2468 2067 2528 usque
2113 2445 2462 2529 impendat.
2556 2446 2733 2511 Alio-

188 2551 336 2631 quin
395 2559 520 2618 etc.
596 2575 801 2635 usque
873 2552 1223 2636 impendat.
1319 2550 1565 2633 Quodsi
1631 2553 1815 2618 sedes
1875 2553 2219 2636 dyocesani
2283 2554 2566 2635 episcopi
2614 2559 2732 2616 etc.

186 2677 385 2739 usque
431 2658 863 2743 preiudicium
908 2664 1270 2742 generetur.
1365 2658 1535 2741 Quia
1590 2682 1740 2726 vero
1786 2659 2112 2724 interdum
2157 2659 2398 2743 proprij
2451 2659 2736 2742 episcopi

187 2765 432 2846 copiam
480 2788 610 2831 non
655 2766 929 2847 habetis,
979 2768 1034 2831 si
1080 2788 1272 2849 quem
1319 2768 1692 2850 episcopum
1735 2766 2029 2832 Romane
2076 2766 2268 2847 sedis,
2316 2771 2390 2829 ut
2436 2765 2733 2846 diximus,

186 2871 464 2950 graciam
522 2879 589 2936 et
652 2873 1164 2937 communionem
1218 2872 1583 2954 habentem,
1651 2879 1718 2938 et
1782 2872 1859 2936 de
1925 2894 2050 2954 quo
2105 2872 2366 2956 plenam
2429 2873 2737 2937 noticiam

187 2973 507 3059 habeatiS,
556 3000 676 3062 per
710 3000 822 3044 vos
862 2980 1142 3044 transire
1180 2980 1543 3062 contigerit,
1585 2979 1667 3044 ab
1709 3001 1783 3044 eo
1821 2978 2302 3044 benedictiones
2338 2978 2734 3060 monialium,

185 3089 482 3150 vasorum
540 3092 606 3149 et
651 3086 944 3167 vestium,
1008 3087 1523 3151 consecrationes
1579 3086 1885 3151 altarium
1941 3085 2328 3150 auctoritate
2383 3085 2736 3168 apostolice

188 3189 350 3254 sedis
381 3193 673 3274 recipere
710 3192 1003 3257 valeatis
1067 3193 1273 3258 Porro
1306 3195 1360 3257 si
1394 3194 1678 3276 episcopi
1716 3193 1816 3257 vel
1857 3192 1964 3277 alij
2004 3192 2420 3256 ecclesiarum
2451 3197 2735 3257 rectores

188 3302 303 3360 etc.
336 3320 545 3382 usque
575 3298 979 3363 irritandam.
1040 3299 1174 3364 Nec
1205 3300 1334 3364 ulle
1365 3299 1582 3364 littere
1615 3305 1736 3363 etc.
1769 3320 1976 3382 usque
2015 3299 2369 3381 impetrari.
2426 3298 2738 3362 Preterea

187 3422 325 3467 cum
380 3426 719 3471 commune
763 3405 1182 3471 interdictum
1230 3410 1350 3470 etc.
1409 3427 1615 3489 usque
1663 3405 2010 3470 celebrare.
2103 3405 2263 3468 Paci
2310 3426 2565 3487 quoque
2613 3410 2734 3469 etc.

189 3528 384 3591 usque
434 3533 753 3577 exercere.
847 3511 1159 3577 Preterea
1205 3533 1426 3577 omnes
1456 3512 1793 3577 libertates
1826 3516 1945 3576 etc.
1997 3532 2202 3593 usque
2249 3512 2734 3576 communimus

188 3612 602 3687 Decernimus
637 3624 758 3687 etc.
793 3640 998 3701 usque
1045 3619 1403 3702 profutura.
1479 3617 1675 3683 Salva
1716 3618 1886 3682 sedis
1926 3618 2279 3700 apostolice
2326 3618 2734 3682 auctoritate.

187 3717 251 3784 Si
297 3745 427 3806 qua
474 3730 597 3790 etc.
646 3746 854 3808 usque
899 3726 968 3788 in
1014 3725 1225 3789 finem.

439 4026 457 4116 ΙΙ
494 4027 872 4092 Dominus
937 4025 1299 4091 Urbanus
1364 4028 1607 4110 papa2
1672 4027 2060 4093 concessit
2123 4025 2257 4090 has
2322 4025 2734 4109 indulgen·
2774 4034 2890 4090 Fol.
2934 4034 3052 4089 32¹³.

536 4133 682 4197 tias
731 4131 1418 4198 CisterciensibuS.

348 4292 853 4359 Venerabilibus
911 4292 1223 4358 fratribus
1266 4343 1278 4357 .
1323 4342 1336 4357 .
1378 4293 1880 4376 archiepiscopis
1946 4301 2012 4358 et
2051 4342 2064 4357 .
2109 4343 2121 4357 .
2165 4261 2484 4376 episcopis
2533 4298 2599 4357 et
2646 4293 2737 4357 di-

187 4391 359 4464 lectis
420 4397 575 4483 filijs
617 4449 632 4464 .
674 4448 688 4464 .
729 4397 1080 4465 abbatibus
1136 4404 1258 4494 etc.
1351 4399 1632 4465 Dilecti3
1695 4398 1807 4483 filij
1854 4448 1867 4463 .
1911 4449 1924 4464 .
1967 4399 2172 4464 abbas
2220 4399 2509 4482 Cistercij
2571 4400 2737 4464 eius-

350 4596 369 4627 ¹
405 4595 535 4650 Von
573 4595 862 4650 derselben
898 4595 1068 4650 Hand
1105 4595 1245 4651 fiber
1282 4596 1381 4650 der
1418 4595 1582 4651 Zeile.
1752 4595 1773 4628 ²
1808 4595 2000 4651 Liicke
2037 4595 2127 4651 fiir
2163 4598 2251 4654 die
2291 4595 2732 4670 Ordnungszahl.

193 4674 210 4705 ⁸
242 4678 489 4739 Darfiber
531 4689 575 4738 1.
612 4685 672 4738 in
707 4690 854 4740 rotet
889 4684 1109 4741 Schrift.
