3242 5184
1244 294 1735 357 -163--

211 477 356 536 tare
389 470 733 552 voluerint,
755 470 1179 552 conscribam,
1213 476 1279 534 et
1307 477 1653 552 postquam
1690 469 1836 534 illos
1875 470 2336 552 conscripsero,
2376 489 2487 535 eos
2523 489 2771 535 necnon

210 579 649 642 instrumenta
685 584 751 642 et
797 578 1013 643 omnia
1059 576 1192 641 alia
1237 583 1303 642 et
1349 578 1605 659 singula
1651 578 1718 640 in
1764 577 1978 641 causis
2026 575 2360 659 producta,
2408 577 2521 641 ubi
2556 578 2770 659 requi-

212 686 376 749 situs
409 684 498 749 ab
531 683 829 749 auditore
860 685 960 748 vel
1008 683 1305 768 partibus
1354 705 1468 749 seu
1516 705 1740 749 earum
1787 683 2008 765 aliqua
2052 683 2256 764 fuero,
2289 684 2356 747 in
2410 689 2771 765 regestrum

209 791 496 856 fideliter
537 790 830 874 redigam
860 793 960 856 vel
1006 791 1211 874 redigi
1258 790 1514 856 faciam.
1607 791 1990 873 Requisitus
2052 790 2135 855 ab
2184 789 2425 855 eisdem
2471 791 2769 873 partibus

213 898 311 963 vel
341 919 574 963 earum
605 898 826 980 aliqua
855 898 923 961 in
955 898 1227 980 singulis
1258 898 1551 962 terminis
1582 898 1945 962 successive
1975 896 2272 980 partibus
2303 898 2464 980 ipsis
2498 898 2770 981 copiam,

210 1027 357 1069 cum
404 1026 543 1088 per.
573 1003 935 1069 auditorem
992 1005 1255 1069 decreta
1316 1004 1542 1085 fuerit,
1610 1005 1749 1069 sine
1797 1003 2182 1068 difficultate
2229 1010 2295 1068 et
2339 1003 2568 1069 fraude
2614 1025 2772 1085 qua-

215 1133 475 1194 cunque
524 1110 781 1193 faciam,
831 1111 1008 1175 salvo
1056 1132 1199 1177 meo
1245 1113 1418 1176 iusto
1450 1111 1690 1176 salario
1722 1131 1839 1194 per
1868 1111 2082 1194 ipsum
2116 1111 2446 1176 dominum
2478 1117 2773 1176 nostrum

210 1240 540 1283 summum
599 1217 970 1302 pontificem
1027 1218 1380 1283 moderato.
1476 1217 1742 1283 Secreta
1805 1238 2000 1282 cause
2066 1225 2313 1283 secrete
2378 1219 2650 1283 servabo
2707 1224 2774 1283 et

209 1326 561 1409 presertim
596 1326 865 1390 consilia
903 1325 1272 1390 auditorum
1320 1331 1386 1389 et
1433 1326 1840 1405 sententiam,
1890 1325 2095 1389 donec
2140 1325 2285 1407 ipsa
2333 1325 2657 1390 sententia
2688 1325 2774 1388 sit

206 1432 492 1517 prolata.
577 1432 968 1516 Supradicta
1005 1433 1222 1497 omnia
1269 1438 1335 1496 et
1381 1431 1636 1514 singula
1680 1432 1990 1515 promitto
2036 1437 2103 1495 et
2149 1432 2291 1496 iuro
2337 1432 2677 1496 attendere
2708 1438 2774 1495 et

205 1561 476 1605 servare
543 1541 682 1604 sine
747 1541 921 1605 omni
987 1539 1133 1603 dolo
1198 1546 1265 1603 et
1327 1538 1575 1604 fraude.
1669 1538 1778 1603 Sic
1842 1559 1944 1602 me
2001 1538 2160 1603 deus
2217 1538 2480 1604 adiuvet
2533 1544 2600 1603 et
2652 1538 2773 1602 hec

206 1653 447 1712 sancta
496 1646 600 1712 dei
647 1647 1001 1729 evangelia.

393 1860 563 1925 Item
619 1861 968 1926 statuimus
1027 1867 1092 1925 et
1146 1861 1341 1925 etiam
1398 1859 1774 1925 ordinamus
1790 1910 1805 1941 ,
1862 1858 2034 1942 quod
2100 1857 2316 1924 nullus
2372 1860 2771 1925 notariorum

202 1970 508 2051 ipsorum
541 1988 804 2032 causam
837 1968 1122 2049 aliquam
1155 1966 1280 2030 sibi
1328 1968 1645 2031 committi
1673 1967 2100 2032 scribendam
2147 1987 2264 2050 per
2310 1986 2380 2030 se
2425 1965 2526 2028 vel
2572 1964 2771 2029 alium

204 2085 525 2158 procuret
571 2075 705 2138 sive
753 2073 1058 2139 exhibeat
1103 2074 1490 2138 instanciam
1536 2076 1602 2138 in
1649 2074 1773 2138 hac
1818 2078 2023 2157 parte.

396 2180 564 2246 Item
612 2179 783 2263 quod
830 2180 1106 2263 predicti
1151 2181 1384 2264 notarij
1436 2202 1692 2246 omnem
1739 2180 2124 2245 modestiam
2172 2186 2240 2245 et
2266 2180 2674 2245 honestatem
2704 2178 2772 2241 in

204 2288 520 2355 omnibus
568 2287 875 2353 studeant
919 2287 1284 2369 observare,
1334 2287 1636 2370 quodque
1682 2287 1898 2353 nullus
1947 2287 2317 2352 eorumdem
2348 2285 2769 2366 notariorum,

200 2396 331 2479 qui
352 2416 469 2479 per
487 2394 768 2476 aliquem
789 2394 1109 2458 dictorum
1130 2393 1499 2458 auditorum
1517 2396 1585 2458 in
1604 2394 1929 2459 notarium
1948 2400 2248 2478 receptus
2280 2393 2588 2473 extiterit,
2609 2390 2768 2455 alte-

198 2504 355 2567 rius
377 2501 685 2566 auditoris
706 2501 998 2565 notarius
1021 2521 1164 2565 esse
1183 2502 1416 2583 valeat,
1437 2501 1748 2584 quamdiu
1768 2488 1891 2565 erit
1907 2502 2100 2584 primi
2119 2502 2411 2566 notarius
2433 2498 2767 2564 auditoris.

395 2608 563 2673 Item
601 2607 773 2692 quod
811 2607 1024 2673 nullus
1057 2609 1458 2674 notariorum
1490 2611 1777 2693 ipsorum
1810 2608 2238 2673 concubinam
2269 2606 2527 2691 publice
2546 2612 2769 2670 tenere

197 2721 571 2802 presumat,
620 2722 685 2779 et
730 2717 785 2779 si
831 2715 977 2797 quis
1025 2736 1246 2780 eorum
1294 2716 1376 2780 ad
1422 2737 1691 2799 presens
1739 2722 1992 2780 teneret
2021 2715 2331 2798 aliquam,
2379 2735 2521 2778 eam
2556 2712 2768 2776 dimit-

196 2833 357 2889 tere
403 2829 719 2887 teneatur.
798 2821 866 2887 Si
899 2843 1049 2887 vero
1095 2822 1265 2887 infra
1311 2829 1455 2887 octo
1504 2823 1643 2888 dies
1689 2828 1838 2906 post
1881 2821 2385 2906 publicationem
2433 2820 2660 2884 statuti
2707 2824 2773 2882 et

197 2929 654 2997 ordinacionis
701 2930 1019 3012 presentis
1065 2932 1273 3012 ipsam
1320 2952 1447 2996 non
1496 2930 1835 3012 dimiserit,
1882 2930 2060 2994 illam
2108 2928 2209 2993 vel
2240 2927 2434 2992 aliam
2467 2927 2771 3009 deinceps

196 3038 482 3103 minime
527 3042 995 3119 resumpturuS,
1045 3042 1112 3101 et
1142 3037 1445 3120 deinceps
1477 3038 1616 3120 ipse
1649 3038 1750 3103 vel
1782 3036 1889 3120 alij
1939 3036 2182 3121 reperti
2230 3034 2473 3100 fuerint
2518 3034 2771 3116 aliquas

199 3143 478 3230 publice
552 3150 772 3208 tenere
794 3192 810 3225 ,
881 3143 963 3208 ob
1029 3143 1243 3209 officio
1306 3145 1671 3209 notariatus
1737 3145 1804 3208 in
1869 3144 2041 3209 dicto
2106 3143 2350 3226 palatio
2416 3138 2770 3205 exercendo

203 3256 533 3336 perpetuo
580 3250 712 3314 sint
756 3250 1012 3333 privati.

395 3357 561 3422 Item
599 3357 772 3440 quod
804 3356 1041 3440 prefati
1077 3358 1311 3440 notarij
1363 3364 1764 3441 promotores
1803 3380 1920 3423 seu
1950 3362 2404 3441 procuratores
2437 3355 2502 3418 in
2536 3354 2769 3434 causiS,

212 3486 349 3548 que
394 3485 613 3529 coram
661 3464 957 3529 auditore
1004 3486 1121 3530 suo
1168 3465 1528 3548 agitantur,
1576 3466 1642 3528 in
1691 3464 1863 3529 dicto
1910 3464 2153 3548 palatio
2200 3485 2329 3526 non
2377 3462 2679 3526 existant.

394 3572 563 3636 Item
596 3572 771 3654 quod
798 3572 1014 3636 nullus
1043 3572 1335 3637 notarius
1368 3572 1643 3636 alicuius
1675 3571 1990 3637 auditoris
2020 3571 2323 3653 deinceps
2357 3569 2598 3633 audeat
2614 3568 2771 3632 scri-

211 3681 374 3746 bere
393 3679 494 3744 vel
512 3684 846 3761 presumat
860 3680 926 3743 in
946 3699 1166 3760 causa,
1189 3680 1242 3742 si
1275 3679 1652 3744 alterutrius
1683 3680 1965 3762 partium
1999 3678 2170 3742 dicte
2207 3698 2400 3741 cause
2419 3678 2487 3739 in
2507 3675 2770 3740 audien-

212 3788 314 3851 tia
342 3786 709 3850 litterarum
729 3786 831 3850 vel
861 3787 927 3848 in
947 3786 1194 3868 palatio
1214 3776 1720 3869 apostolico'seu
1751 3786 1817 3849 in
1848 3784 2149 3850 Roman'a
2180 3784 2360 3848 curia
2390 3787 2774 3866 procurator

213 3893 323 3958 vel
383 3898 717 3977 promotor
769 3894 1172 3975 negotiorum
1230 3914 1343 3958 seu
1398 3893 1851 3975 pensionarius
1907 3890 2361 3975 quoquomodo
2419 3888 2614 3954 fuerit
2670 3887 2773 3952 vel

215 3997 479 4083 existat,
528 3999 642 4065 sed
689 4001 744 4064 si
792 4022 872 4065 ex
915 4000 1286 4082 ignorantia
1331 4001 1735 4083 contingeret
1779 4000 2140 4064 auditorem
2187 3998 2474 4079 aliquam
2521 3996 2623 4061 vel
2654 3995 2771 4059 ali-

217 4129 383 4191 quas
450 4128 715 4172 causam
780 4128 893 4172 seu
960 4128 1193 4171 causas
1247 4107 1411 4172 tales
1468 4108 1662 4172 alicui
1718 4107 1837 4172 tali
1905 4107 2157 4173 notario
2222 4104 2624 4171 committere
2688 4102 2771 4167 ad

216 4214 634 4280 scribendum
650 4262 666 4295 ,
716 4214 939 4278 statim
994 4214 1285 4278 notarius
1340 4213 1712 4279 huiusmodi
1768 4235 2034 4278 causam
2092 4234 2210 4277 seu
2256 4211 2772 4275 commissionem

216 4324 285 4386 in
333 4320 635 4385 manibus
684 4319 838 4383 dicti
886 4320 1199 4385 auditoris
1247 4322 1604 4404 restintuat.
1684 4319 2090 4384 Contrarium
2122 4318 2364 4382 faciens
2411 4337 2529 4399 per
2574 4337 2773 4379 unum

221 4450 466 4493 annum
515 4427 599 4491 ab
648 4426 849 4492 offitio
896 4428 1258 4491 notariatus
1297 4428 1364 4490 in
1395 4427 1640 4510 palatio
1674 4426 2029 4491 exercendo
2063 4426 2148 4489 sit
2178 4445 2254 4489 eo
2285 4425 2428 4508 ipso
2459 4423 2770 4507 privatus,

396 4534 565 4600 Item
623 4533 795 4616 quod
853 4533 1087 4617 prefati
1143 4535 1377 4617 notarij
1438 4540 1798 4616 regestrum
1855 4535 2167 4614 cuiusque
2232 4552 2456 4611 cause,
2499 4531 2588 4633 'in
2644 4550 2808 4615 qua-

218 4645 512 4709 notarius
580 4641 928 4725 deputatus
987 4641 1233 4722 existit,
1301 4661 1447 4704 cum
1502 4641 1789 4705 manuali
1837 4646 1903 4703 et
1946 4637 2278 4721 productis
2327 4636 2773 4718 originalibus,

2245 4744 2347 4798 11*

2828 4316 2947 4370 Fol.
2971 4320 3036 4368 84
3049 4317 3087 4368 ¹².
