3242 5184
1455 293 1593 348 4ss-
1691 254 1815 314 1s4
1906 292 1996 298 -

476 432 653 514 ipsas
676 464 679 465 ⁷
701 430 783 495 ad
833 451 979 494 eum
1025 430 1355 493 remittere
1384 434 1746 494 teneantur.
1769 450 1788 471 ⁸
1824 428 1915 493 Et
1944 430 2055 512 qui
2100 428 2223 493 hoc
2269 451 2398 493 non
2447 430 2816 509 servaverit,
2858 427 3027 492 arbi-

478 538 602 611 trio
648 536 1157 620 vicecancellarij
1209 537 1536 619 puniatur.

658 642 845 725 Quod
903 643 1120 707 nullus
1184 643 1504 709 dictorum
1565 645 1950 727 scriptorum
2008 642 2261 707 litteras
2320 643 2443 707 sibi
2490 643 2871 707 distributas
2920 663 3032 726 per

479 752 678 816 alium
735 751 1113 834 scriptorem
1170 750 1363 815 scribi
1421 750 1619 815 faciat
1677 752 1816 815 sine
1871 749 2377 833 vicecancellarij
2435 750 2699 815 licentia
2745 748 3030 833 speciali.

478 857 757 922 Faciens
802 878 953 923 vero
1001 858 1417 939 contrarium,
1465 864 1601 921 tam
1649 856 1951 922 videlicet
1993 856 2260 920 tradens
2309 877 2503 938 quam
2553 856 2862 938 scribens,
2921 877 3033 940 per

479 986 679 1028 unum
724 984 1013 1028 mensem
1060 963 1142 1028 ab
1191 963 1394 1029 offitio
1444 963 1901 1047 suspendatur.

659 1069 847 1153 Quod
910 1071 1126 1135 nullus
1160 1070 1163 1074 ’
1192 1071 1582 1154 scriptorum
1646 1072 1935 1155 ipsorum
1998 1070 2253 1134 litteras
2318 1090 2435 1153 per
2499 1091 2647 1134 eum
2700 1075 3034 1154 grossatas

478 1178 804 1259 restituat,
851 1178 978 1242 nisi
1023 1178 1203 1261 prius
1249 1199 1483 1242 nomen
1530 1200 1748 1260 suum,
1804 1183 1878 1259 ut
1921 1178 2117 1242 moris
2166 1182 2285 1258 est,
2341 1178 2635 1260 posuerit
2677 1177 2745 1241 111
2792 1177 3034 1242 eisdem

483 1305 743 1368 easque,
792 1285 848 1348 si
893 1284 1176 1349 taxande
1224 1284 1484 1365 fuerint,
1534 1286 1748 1349 taxari
1793 1284 2010 1349 faciat.
2104 1283 2211 1348 Illi
2258 1304 2428 1365 ver0,
2478 1285 2590 1365 qui
2637 1285 3035 1349 contrarium

481 1391 773 1473 fecerint,
823 1397 1237 1474 computetur
1282 1391 1533 1457 taxatio
1581 1390 1932 1474 duplicata.

661 1496 851 1580 Quod
914 1497 1129 1562 nullus
1196 1496 1568 1563 eorumdem
1633 1499 2021 1581 scriptorum
2076 1498 2332 1563 litteras
2389 1519 2507 1581 per
2562 1519 2708 1562 eum
2756 1497 3033 1579 scriptas

483 1602 791 1672 restituat
809 1655 826 1686 ,
874 1605 1000 1669 11181
1045 1606 1225 1689 1111118
1273 1626 1420 1669 011111
1464 1610 1622 1669 11013
1676 1606 1851 1688 ipsas
1907 1605 2371 1670 auscultaverit
2417 1604 2760 1688 diligenter
2808 1610 2876 1669 et
2931 1625 3034 1668 eas

485 1710 839 1776 secundum
883 1716 1108 1778 notam
1155 1712 1509 1776 correxerit
1556 1711 1972 1777 antedictam.
2050 1712 2140 1776 Et
2186 1713 2298 1794 qui
2342 1711 2465 1776 hoc
2501 1733 2631 1777 non
2665 1712 3033 1791 servaverit,

485 1817 569 1883 ad
614 1818 820 1901 ipsius
866 1818 1374 1902 vicecancellarij
1425 1818 1771 1882 arbitrium
1817 1820 2141 1902 puniatur.
2160 1820 2182 1857 ¹

666 1923 853 2008 Quod
885 1926 927 2010 ij
938 1925 1084 1990 dem
1116 1926 1464 2009 scriptores
1498 1924 1841 2008 diligentes
1875 1931 1940 1990 01
1972 1926 2208 1990 attenti
2240 1927 2542 2006 existant,
2590 1931 2663 1989 ut
2697 1924 3036 1990 scribendo

484 2032 744 2098 litteras
790 2033 969 2116 ipsas
1017 2032 1185 2097 bone
1231 2032 1447 2096 littere
1493 2031 1770 2097 formam
1817 2032 2129 2113 efficiant,
2178 2053 2259 2097 ne
2306 2039 2571 2116 propter
2616 2033 3037 2116 cupiditatem

485 2139 651 2203 lucri
683 2139 875 2203 citius
908 2138 1263 2222 recipiendi
1294 2139 1396 2203 vel
1429 2160 1498 2203 se
1529 2140 1596 2203 in
1630 2139 1775 2222 alijs
1807 2140 2085 2222 negotijs
2126 2142 2247 2225 [et]
2282 2139 2647 2205 actionibus
2680 2138 3036 2223 occupandi

485 2245 677 2310 nimis
723 2244 1108 2311 festinanter
1153 2245 1255 2312 vel
1292 2246 1505 2311 minus
1524 2246 1550 2285 2
1596 2245 1893 2311 ordinate
1911 2246 2231 2330 scribant.
2310 2245 2622 2328 Alioquin
2651 2247 2875 2310 littere
2904 2246 3037 2328 ipse

486 2351 707 2417 taliter
751 2354 990 2436 scripte
1037 2355 1241 2436 gratis
1287 2352 1700 2419 rescribende
1746 2352 2156 2418 mandentur.
2248 2353 2338 2418 Et
2382 2356 2438 2418 si
2483 2354 2606 2419 hoc
2651 2353 2846 2417 nimis
2895 2373 3034 2416 0011-

485 2459 761 2541 1111110111,
810 2466 1220 2543 precaveant,
1269 2460 1443 2543 quod
1491 2482 1600 2525 eos
1649 2482 1819 2544 pena
1865 2462 2121 2543 gravior
2166 2483 2295 2526 non
2343 2466 2674 2543 sequatur.

667 2564 856 2648 Quod
902 2568 971 2631 in
1016 2566 1273 2649 11110118,
1323 2588 1448 2649 que
1486 2569 1767 2632 transire
1798 2566 2087 2633 habeant
2114 2589 2231 2651 per
2261 2567 2657 2633 audientiam
2690 2565 3034 2651 publicam,

489 2674 768 2756 scriptor
815 2678 1105 2757 apponat
1151 2673 1371 2738 datam
1421 2674 1571 2755 diei,
1620 2695 1752 2756 qua
1796 2676 1974 2758 ipsas
2011 2676 2286 2758 recipiat
2316 2674 2400 2740 ad
2433 2673 2869 2754 scribendum,
2916 2671 3034 2735 nisi

487 2780 858 2846 vacationes
901 2802 1272 2845 communes
1315 2783 1685 2862 existerent,
1736 2787 1802 2846 et
1828 2788 1984 2845 tunc
2016 2781 2171 2847 data
2203 2783 2278 2868 [!]
2312 2803 2550 2866 ponere
2581 2786 2887 2846 teneatur
2916 2777 3035 2842 diei

488 2887 694 2970 prime
742 2887 1068 2953 audientie
1114 2888 1515 2954 resumende.
1608 2887 1687 2952 In
1742 2889 2044 2970 gratiosis
2098 2909 2249 2954 vero
2303 2888 2539 2953 litteris
2593 2887 2775 2952 illam
2824 2886 3034 2951 datam

491 2993 750 3059 studeat
803 3015 1157 3079 apponere,
1216 3016 1414 3077 quam
1470 2996 1834 3079 appositam
1897 2997 2029 3061 sive
2093 2997 2403 3080 scriptam
2466 2995 2700 3059 viderit
2750 2995 2821 3059 in
2874 2991 3034 3057 notis

490 3100 883 3166 earumdem.
978 3099 1225 3184 Quodsi
1269 3102 1522 3168 litteras
1568 3104 1747 3186 ipsas
1795 3104 1933 3168 sine
1980 3102 2136 3169 data
2180 3103 2294 3168 illa
2338 3103 2715 3184 restituerit,
2772 3098 3033 3167 arbitrio

408 3260 417 3269 .
489 3208 998 3292 vicecancellarii
1050 3209 1377 3293 puniatur.

170 3778 290 3835 Fol.
330 3784 398 3833 96
409 3777 452 3833 ¹².

745 3492 1113 3576 Sequitur
1149 3494 1460 3559 rubrica
1489 3494 1577 3559 de
1617 3495 2023 3589 taxatione
2051 3494 2494 3561 litterarum
2526 3494 2614 3559 de
2645 3491 3032 3559 audientia

846 3600 1353 3683 grossarum.⁸

674 3760 1106 3844 ΙΙΡ1·0111188184
1140 3762 1404 3845 insuper
1434 3766 1736 3826 notarum
1767 3761 2207 3826 taxationibus
2240 3761 2678 3845 predictarum
2711 3761 2839 3826 alie
2867 3779 3026 3843 gros-

493 3890 710 3932 sarum
757 3867 1121 3932 litterarum
1168 3869 1534 3934 taxationes
1581 3889 1699 3951 per
1746 3873 1995 3932 statuta
2041 3874 2109 3933 et
2138 3867 2578 3933 ordinationes
2611 3869 2865 3952 prefata
2895 3864 3024 3930 sub-

491 3975 820 4058 sequentis
887 3974 1316 4039 distinctionis
1382 3975 1548 4039 serie
1614 3974 2084 4040 describuntur.
2197 3973 2384 4057 Quod
2456 3975 2759 4040 videlicet
2830 3975 3026 4038 littera

490 4082 777 4164 gratiosa
823 4102 967 4145 cum
1014 4080 1318 4145 clausulis
1365 4083 1689 4146 consuetis
1736 4102 1931 4165 super
1976 4083 2358 4146 canonicatu
2412 4087 2479 4147 et
2530 4081 2860 4165 prebenda
2899 4085 3021 4143 tan-

670 4351 686 4381 ¹
727 4349 961 4404 Hdschr.
1002 4351 1318 4418 puniantur.
1475 4350 1495 4380 '²
1532 4350 1598 4402 In
1638 4351 1736 4404 der
1772 4351 2006 4405 Hdschr.
2048 4350 2456 4405 verschrieben:
2505 4351 2683 4403 nimis.
2829 4349 2850 4379 ³
2883 4347 3018 4399 Dazu

489 4456 580 4493 am
635 4438 831 4492 Raude
885 4438 1065 4492 rechts
1117 4456 1229 4493 von
1284 4439 1518 4492 anderer
1565 4437 1760 4493 Hand:
1819 4439 1907 4493 De
1955 4442 2239 4494 taxacione
2285 4439 2594 4493 litterarum
2641 4440 2712 4494 de
2755 4434 3017 4493 audiencia

489 4544 818 4597 grossarum.
1025 4527 1048 4558 ⁴
1097 4514 1254 4583 Uber
1302 4527 1429 4580 dem
1475 4526 1619 4581 Text
1664 4546 1751 4581 am
1803 4528 1970 4584 obern
2020 4528 2180 4583 Rand
2234 4547 2344 4585 von
2393 4529 2627 4585 auderet
2672 4527 2859 4585 Hand:
2910 4530 3020 4579 taxa·

489 4632 817 4686 grossarum.
1113 4634 1117 4639 ·
