3242 5184
141 2202 259 2256 Fol.
302 2206 403 2256 104
413 2207 454 2253 ⁸.

1510 310 1996 373 -198—

488 508 680 554 cause
736 507 854 570 per
909 485 1073 552 eund
1081 506 1183 552 em
1239 486 1528 551 ordinem
1575 491 1646 551 et
1688 486 1782 551 eis
1831 485 2109 569 expletis
2157 484 2447 569 querele,
2498 483 3052 567 denuntiationes,

487 595 931 661 accusationes
980 599 1046 658 et
1092 594 1526 659 controversie
1582 593 1841 677 aliaque
1895 593 2159 675 negotia
2203 596 2665 675 proponantur.
2753 589 3057 673 Quilibet

486 707 706 767 tamen
754 700 1076 767 dictorum
1120 706 1544 784 patronorum
1589 721 1787 764 unam
1834 720 2099 764 causam
2144 698 2449 782 pauperis
2494 698 2699 781 gratis
2745 720 2864 781 pro
2928 698 3053 764 deo

484 809 693 892 primo
739 809 949 891 possit
989 828 1370 892 proponere,
1419 808 1475 872 si
1521 807 1817 890 voluerit,
1865 813 1939 871 ut
1981 805 2323 890 prefertur.
2418 803 2668 887 Quodsi
2711 804 2882 894 forte
2934 805 3055 869 ali-

488 916 634 1000 quis
673 936 896 981 eorum
928 935 1192 979 causam
1223 913 1574 979 secundum
1605 912 1970 997 predictum
2003 913 2295 979 ordinem
2324 934 2455 978 non
2485 911 2810 994 habuerit,
2846 933 3057 995 quam

487 1027 844 1107 proponat,
891 1022 1102 1103 illum,
1151 1023 1263 1104 qui
1308 1042 1456 1086 eum
1500 1020 1874 1086 immediate
1921 1020 2241 1104 sequitur,
2292 1019 2371 1085 de
2415 1019 2540 1086 hoc
2587 1017 2938 1101 certificet,
2991 1025 3058 1085 et

490 1130 545 1194 si
589 1130 646 1194 is
694 1129 991 1194 similiter
1037 1148 1301 1192 causam
1345 1150 1475 1192 non
1520 1127 1791 1209 habeat,
1842 1149 2039 1211 quam
2086 1132 2433 1211 proponat,
2483 1126 2798 1192 certificet
2844 1126 3057 1191 alium

490 1235 990 1318 subsequentem
1022 1239 1088 1299 et
1119 1235 1211 1298 sic
1244 1233 1322 1299 de
1360 1233 1528 1319 alijs,
1575 1240 1651 1298 ut
1678 1255 1795 1317 per
1840 1233 2369 1300 certificationem
2413 1233 2787 1299 huiusmodi
2831 1255 3054 1317 prom-

487 1344 663 1426 ptius
709 1342 963 1425 possint
1009 1362 1201 1405 cause
1245 1341 1521 1424 proponi
1568 1347 1634 1405 et
1679 1342 1878 1406 etiam
1923 1342 2185 1424 negotia
2231 1340 2539 1424 expediri.

666 1447 756 1511 Et
801 1448 954 1530 quia
999 1447 1471 1530 responsiones,
1520 1468 1687 1531 quas
1724 1469 1842 1531 per
1878 1448 2226 1513 advocatos
2257 1447 2582 1512 interdum
2614 1446 2880 1531 expedit
2911 1447 3056 1513 fieri

489 1555 573 1621 ad
638 1554 931 1639 objecta,
995 1575 1125 1618 non
1188 1554 1637 1638 principaliter
1698 1560 2149 1638 proponuntur
2170 1604 2185 1635 ,
2231 1518 2358 1619 sed
2423 1554 2782 1620 accessorie
2861 1553 3051 1637 fiunt,

488 1661 823 1741 volumUS,
873 1659 1064 1742 quod,
1115 1660 1170 1724 si
1216 1661 1361 1743 quis
1409 1661 1762 1727 advocatus
1808 1663 1875 1726 in
1923 1682 2330 1744 quacumque
2385 1681 2585 1726 causa
2637 1661 3057 1744 responderit

491 1752 682 1831 alteri
726 1767 1141 1850 proponenti,
1197 1767 1347 1833 talis
1403 1770 1739 1852 responsio
1784 1768 1887 1833 vel
1939 1767 2276 1851 replicatio
2332 1754 2464 1832 non
2517 1767 2882 1850 imputetur
2930 1768 3054 1834 sibi

488 1874 661 1938 inter
717 1856 947 1938 causas
1002 1895 1119 1958 per
1174 1895 1320 1938 eum
1366 1874 1722 1940 secundum
1775 1876 2163 1960 premissum
2221 1872 2513 1938 ordinem
2566 1876 3051 1959 proponendas.

491 1979 805 2046 Similiter
841 1981 1058 2063 etiam,
1106 1980 1217 2046 ubi
1250 1980 1536 2046 eiusdem
1583 1981 1740 2047 facti
1787 1982 1913 2048 duo
1959 1981 2202 2047 fuerint
2247 1981 2547 2047 advocati
2594 1988 2660 2046 et
2704 1982 2834 2047 duo
2875 1984 3052 2067 prin-

493 2087 790 2170 cipaliter
825 2091 1257 2171 proponentes
1274 2088 1325 2169 ¹,
1375 2088 1805 2154 coadvocatus
1839 2090 1977 2154 eius
2008 2088 2517 2171 propositionem
2546 2088 2752 2171 ipsius
2784 2090 3055 2155 coadiu-

490 2193 674 2259 vabit
717 2193 991 2260 forsitan
1027 2196 1130 2260 vel
1167 2194 1533 2279 complebit.
1613 2195 1833 2260 Talis²
1874 2200 1899 2280 ΙΙ
1941 2195 2331 2260 coadunatio
2375 2195 2479 2259 vel
2526 2195 2856 2278 suppletio
2907 2196 3053 2278 sibi,

493 2302 834 2383 quominus
882 2300 1234 2366 secundum
1279 2302 1668 2385 premissum
1715 2302 2006 2367 ordinem
2050 2303 2260 2386 possit
2306 2302 2470 2367 alias
2527 2323 2757 2368 causas
2815 2325 3055 2387 propo-

492 2429 667 2490 nere,
710 2408 972 2474 minime
1011 2409 1385 2493 imputetur.
1465 2409 1769 2475 Ceterum
1801 2414 2047 2474 attente
2080 2414 2354 2474 caveant
2399 2408 2716 2489 advocati,
2762 2416 2844 2474 ut
2893 2410 3054 2475 elec-

493 2516 703 2580 tiones
752 2520 818 2580 et
861 2515 1352 2599 postulationeS,
1401 2537 1565 2600 quas
1613 2516 1920 2582 sciverint
1963 2515 2031 2580 in
2078 2515 2404 2581 discordia
2447 2514 2655 2581 factas
2699 2516 2808 2582 vel
2857 2538 3055 2600 oppo-

496 2623 762 2687 sitorem
816 2643 931 2687 seu
987 2623 1388 2706 oppositores
1444 2623 1724 2705 habere,
1789 2645 1919 2688 non
1975 2627 2273 2688 asserant
2325 2621 2527 2687 fuisse
2580 2624 2649 2687 in
2704 2624 3057 2688 concordia

497 2728 899 2795 celebratas³
941 2749 1101 2793 neve
1148 2750 1378 2795 causas
1423 2736 1886 2814 preposcerent
1929 2728 2044 2796 sed
2096 2730 2276 2813 prius
2332 2730 2635 2812 antiquas
2681 2734 3056 2813 proponant

497 2834 847 2901 secundum
904 2835 1231 2917 ordinem,
1298 2857 1426 2919 quo
1482 2838 1663 2920 prius
1719 2837 1803 2903 ad
1860 2858 2082 2902 eorum
2135 2837 2568 2920 patrocinium
2632 2836 3050 2915 devenerunt,

497 2943 624 3007 nisi
688 2942 780 3006 eis
844 2963 960 3025 per
1003 2941 1370 3007 Romanum
1424 2943 1798 3027 pontificem
1855 2943 2033 3008 aliud
2085 2943 2525 3008 mandaretur.
2628 2942 2767 3008 Sit4
2834 2948 3052 3007 autem

500 3070 693 3113 cause
737 3054 1049 3131 patronus
1086 3050 1153 3113 in
1183 3049 1600 3134 proponendo
1634 3049 1865 3116 efficax
1895 3056 2092 3134 atque
2123 3050 2358 3131 breviS,
2390 3049 2827 3134 pertinentia⁶
2876 3049 3052 3113 dum-

499 3161 684 3221 taxat
720 3155 804 3220 ad
833 3156 1182 3238 negotium,
1229 3156 1311 3221 de
1349 3178 1476 3239 quo
1509 3158 1743 3240 agitur,
1790 3158 2094 3238 recitanS,
2128 3155 2457 3240 superflua
2495 3163 2560 3222 et
2588 3155 3052 3239 inpertinentia

499 3283 627 3328 non
660 3262 1041 3343 admiscenS,
1074 3283 1194 3326 nec
1224 3262 1419 3345 ultra,
1453 3284 1652 3346 quam
1686 3264 1898 3328 litium
1945 3264 2236 3346 exposcit
2279 3263 2551 3345 utilitas,
2598 3265 2666 3327 in
2719 3262 3050 3328 licentiam

501 3368 895 3434 convitiandi
927 3375 993 3434 et
1021 3370 1447 3435 maledicendi
1477 3376 1860 3455 prorumpat
1889 3370 2275 3435 temeritate.
2323 3369 2804 3454 Proponentem
2838 3375 3049 3434 autem

502 3474 899 3542 causidicum
930 3476 1281 3541 secundum
1313 3477 1603 3542 ordinem
1632 3477 2041 3560 premissum,
2074 3476 2386 3559 quamdiu
2406 3477 2531 3541 sibi
2549 3497 2668 3560 per
2683 3475 3048 3542 Romanum

500 3580 873 3667 pontificem
920 3581 1252 3648 audientia
1297 3583 1712 3665 concedetur,
1761 3583 1867 3666 alij
1916 3584 2241 3666 patienter
2286 3582 2558 3648 audiant
2601 3588 2668 3647 et
2712 3586 3048 3667 expectent

501 3710 622 3754 nec
664 3687 866 3753 verba
908 3689 1112 3773 ipsius
1157 3690 1481 3754 ullatenus
1526 3691 2025 3773 interrumpant.
2118 3690 2445 3756 Caveant⁶
2489 3694 2708 3755 tamen
2756 3687 3044 3755 advocati

503 3795 814 3881 predicti,
873 3817 955 3861 ne
1001 3796 1080 3860 de
1127 3797 1341 3860 causis
1388 3818 1749 3879 pauperum
1794 3797 2269 3880 predictorum,
2328 3817 2490 3881 quas
2537 3818 2654 3880 per
2696 3796 2878 3878 illos,
2942 3794 3043 3877 qui

505 3924 616 3969 eas
662 3923 1021 3986 proponere
1065 3902 1411 3985 voluerint,
1468 3904 1671 3985 gratis
1717 3905 1991 3988 proponi
2035 3905 2358 3986 volumuS,
2408 3905 2750 3988 quitquam
2795 3901 3039 3970 omnino

688 4135 706 4166 ¹
761 4133 1101 4189 Handschr.:
1156 4140 1514 4205 proponente.
1732 4135 1755 4167 ²
1807 4135 2161 4192 Undeutlich.
2378 4136 2400 4168 ⁸
2453 4137 2662 4192 Hierzu
2714 4156 2806 4193 am
2860 4135 3038 4192 Raude

506 4239 619 4279 von
664 4222 919 4290 anderer,
972 4223 1097 4278 sehr
1147 4223 1441 4294 fliichtiger
1485 4224 1679 4279 Hand:
1735 4225 1884 4295 quod
1937 4226 2193 4280 advocati
2239 4244 2351 4281 non
2393 4233 2707 4297 proponant
2762 4227 3037 4281 electiones

507 4313 568 4365 in
603 4311 876 4365 discordia
912 4312 1216 4368 celebratas
1252 4312 1371 4368 fore
1407 4314 1466 4366 in
1502 4314 1795 4368 concordia
1830 4313 2151 4370 celebratas.
2354 4314 2378 4345 ⁴
2413 4314 2541 4370 Von
2578 4318 2729 4370 einer
2765 4316 2863 4371 der
2884 4310 3035 4368 Hand

510 4400 607 4455 des
645 4397 831 4456 Codex
866 4400 1158 4456 ahnlichen
1191 4402 1386 4457 Hand:
1436 4402 1628 4467 Qualis
1666 4401 1833 4457 debet
1869 4420 1987 4458 esse
2023 4404 2325 4459 advocatus
2362 4409 2418 4458 et
2452 4405 2590 4474 quid
2626 4423 2793 4476 agere
2828 4402 3035 4458 deberet

508 4488 880 4559 propo[nens].
1083 4491 1106 4522 ⁶
1141 4491 1455 4562 Korrigiert
1498 4509 1600 4546 aus
1635 4493 1949 4562 pertinatia.
2154 4493 2176 4523 ⁶
2212 4493 2418 4547 Hierzu
2452 4511 2565 4549 von
2601 4494 2847 4561 anderer,
2882 4488 3032 4544 fluch·

510 4579 657 4648 tiger
678 4577 848 4632 Hand
884 4595 975 4632 am
999 4578 1218 4635 Raude:
1257 4581 1408 4651 quod
1443 4581 1701 4637 advocati
1737 4580 1808 4634 de
1831 4583 2011 4635 causis
2035 4598 2345 4653 pauperum
2369 4583 2450 4638 nil
2473 4585 2758 4656 recipiant,
2796 4582 2951 4638 etiam
2972 4574 3031 4648 [‘?]

514 4683 550 4721 a
583 4666 896 4722 volentibus
932 4667 1014 4737 [Ἡ.
