3242 5184
1507 285 1993 346 -116—

473 461 557 525 ad
588 461 928 545 pecuniam
969 460 1397 543 colligendam
1444 463 1588 543 cogi
1619 463 1827 545 possit
1862 462 2122 543 invituS,
2170 463 2297 526 nisi
2328 460 2542 526 littere
2587 462 2728 545 ipse
2775 462 2857 526 de
2903 462 3038 525 hac

468 567 871 651 indulgentia
934 567 1192 651 plenam
1248 567 1518 632 fecerint
1580 570 2000 650 mentionem,
2059 569 2239 634 vobis
2296 570 2684 634 auctoritate
2729 568 3036 652 predicta

467 675 896 758 indulgemus,
989 674 1165 740 Nulli
1213 696 1365 757 ergo
1411 682 1531 741 etc.
1580 682 1802 742 nostre
1848 677 2302 742 concessionis,

732 997 1104 1062 Eisdem1.

644 1157 772 1241 Qui
834 1158 1199 1242 postposita
1252 1158 1541 1222 vanitate
1597 1157 1799 1222 seculi
1854 1156 2187 1240 elegerunt
2239 1158 2549 1223 virtutum
2598 1156 2858 1221 domino
2904 1157 3031 1222 sub

465 1266 869 1350 paupertatis
902 1264 1130 1330 habitu
1160 1265 1480 1347 famulari,
1529 1285 1570 1329 a
1613 1265 1802 1329 nobis
1848 1264 1964 1328 illa
2010 1263 2388 1329 confovendi
2436 1271 2590 1328 sunt
2618 1266 2853 1347 gratia,
2900 1285 3033 1347 que

464 1374 753 1456 ipsorum
802 1372 998 1437 saluti
1030 1373 1319 1437 noscitur
1364 1377 1703 1455 oportuna,
1800 1372 1960 1437 Cum
2007 1373 2205 1454 igitur
2250 1371 2335 1436 ad
2366 1372 2489 1437 hoc
2522 1392 2777 1454 semper
2813 1377 3029 1436 vestre

463 1479 796 1545 humilitas
820 1480 846 1518 2
892 1479 1397 1545 conversationis
1435 1479 1746 1562 invigilet,
1795 1486 1868 1543 ut
1914 1478 2034 1544 deo
2078 1479 2336 1563 placeat
2380 1500 2496 1563 per
2537 1477 2764 1543 devote
2811 1477 3029 1542 laudis

465 1585 849 1669 obsequium
914 1592 981 1651 et
1040 1586 1321 1652 fructum
1385 1586 1675 1670 proferat
1735 1587 2118 1668 animarum,
2184 1607 2323 1668 nOS,
2390 1585 2747 1651 devotionis
2812 1592 3030 1650 vestre

467 1690 768 1777 precibus
800 1692 1115 1776 inclinati,
1163 1693 1336 1776 quod
1384 1692 1467 1758 ad
1512 1692 1954 1777 recipiendum
2002 1694 2485 1758 commissiones
2527 1714 2873 1757 causarum
2912 1698 3032 1757 aut

467 1801 940 1884 sententiarum
973 1802 1383 1866 executiones
1416 1800 1517 1865 vel
1548 1801 1680 1865 alia
1711 1801 2151 1883 contingentia
2182 1821 2415 1865 causas
2446 1802 2643 1883 ipsaS,
2684 1801 2819 1864 sive
2850 1800 3029 1882 quod

467 1907 609 1972 sitis
641 1909 708 1972 in
749 1909 964 1972 causis
1013 1907 1339 1991 aliquibus
1388 1928 1775 1990 assessoreS,
1823 1908 1973 1991 illis,
2022 1929 2147 1990 que
2193 1906 2387 1971 fidem
2425 1907 2792 1990 respitiunt,
2842 1907 3027 1971 dum-

465 2020 651 2080 taxat
682 2016 992 2098 exceptiS,
1039 2035 1159 2098 per
1187 2015 1439 2080 litteras
1488 2014 1661 2080 sedis
1709 2015 2062 2099 apostolice
2110 2018 2223 2078 aut
2253 2013 2500 2096 legatos
2542 2034 2657 2078 seu
2690 2014 3028 2096 delegatos

464 2121 670 2205 ipsius
735 2121 837 2186 vel
902 2121 1229 2204 quoslibet
1293 2122 1455 2186 alios
1520 2123 1664 2204 cogi
1725 2143 1853 2186 non
1917 2122 2182 2205 possitis
2246 2121 2451 2202 inviti,
2518 2122 2644 2184 nisi
2707 2121 2904 2204 plena
2957 2124 3028 2184 in

421 2227 708 2307 ‚eisdem
773 2229 1007 2293 litteris
1074 2228 1154 2292 de
1219 2230 1634 2294 concessione
1695 2228 2062 2293 huiusmodi
2120 2227 2360 2292 mentio
2425 2227 2773 2310 habeatur,
2841 2228 3027 2292 vobis

466 2335 857 2400 auctoritate
921 2336 1318 2419 presentium
1382 2336 1812 2418 indulgemus,
1921 2334 2100 2400 Nulli
2164 2356 2316 2416 ergo
2381 2341 2598 2399 nostre
2663 2337 3026 2399 concessio-

465 2443 564 2506 nis
614 2449 734 2508 etc,

729 2763 1039 2828 Eisdem
1057 2763 1101 2828 3.

643 2922 771 3006 Qui
818 2923 1009 2989 deum
1056 2929 1195 2988 tota
1240 2930 1454 2989 mente
1500 2923 1770 3006 diligitis
1817 2930 1883 2989 et
1927 2925 2291 2988 animarum
2349 2923 2667 3008 profectui
2711 2926 3025 2989 continua

465 3032 801 3115 diligentia
847 3023 1199 3112 desudatiS,
1248 3030 1497 3095 debetis
1545 3031 1628 3096 ad
1676 3030 2060 3114 condignam
2106 3033 2383 3114 gratiam
2431 3033 2707 3115 experiri
2763 3053 3025 3116 promp-

462 3148 597 3205 tam
663 3146 729 3204 et
790 3138 1047 3203 facilem
1112 3137 1283 3203 sedis
1349 3137 1703 3222 apostolice
1766 3139 2095 3221 pietatem.
2200 3138 2362 3204 Cum
2426 3140 2625 3221 igitur
2686 3137 3025 3203 humilitas

463 3253 680 3313 vestra
740 3246 865 3311 sibi
928 3245 1007 3310 de
1061 3245 1405 3311 latitudine
1461 3245 1636 3311 orbis
1696 3251 1866 3311 terre
1928 3244 2128 3310 nichil
2185 3253 2405 3329 preter
2460 3246 2684 3311 domos
2732 3254 2798 3310 et
2844 3253 3024 3310 ortos

463 3376 609 3419 cum
673 3353 969 3437 virgultis
1033 3354 1425 3437 premiorum
1490 3352 1757 3419 obtentu
1824 3350 2157 3418 celestium
2224 3352 2479 3418 duxerit
2538 3354 3023 3435 reservandum,

461 3449 580 3527 nos
644 3461 749 3545 pie
814 3461 1123 3542 volenteS,
1189 3459 1362 3543 quod
1417 3459 1677 3527 illorum
1738 3459 1986 3525 fructus
2046 3460 2296 3542 integre
2350 3465 2561 3524 vestre
2616 3461 3022 3544 paupertatis

462 3568 690 3633 usibus
756 3567 1182 3653 applicentur,
1246 3574 1321 3631 ut
1383 3567 1464 3632 de
1519 3568 1681 3633 ortis
1737 3573 1803 3631 et
1856 3567 2151 3649 virgultis
2208 3568 2440 3631 vestris
2487 3566 2702 3631 nullus
2750 3588 2792 3631 a
2837 3566 3021 3631 vobis

463 3676 749 3742 decimas
809 3676 1064 3758 exigere
1128 3674 1229 3740 vel
1294 3681 1679 3757 extorquere
1742 3680 2102 3758 presumat,
2170 3675 2557 3740 auctoritate
2621 3675 3021 3758 presentium

464 3782 821 3849 districtius
851 3781 1236 3847 inhibemus,
1331 3781 1635 3847 Ceterum
1683 3788 1757 3846 ut
1799 3782 1914 3864 hij,
1963 3782 2075 3865 qui
2106 3782 2339 3845 vestris
2370 3781 2801 3846 immorantur
2833 3780 3017 3846 obse-

464 3891 657 3974 quijs,
707 3890 918 3954 divine
963 3890 1204 3955 intuitu
1249 3890 1534 3973 pietatis,
1582 3889 1755 3971 quod
1796 3889 1863 3952 in
1895 3888 2174 3954 salutem
2205 3889 2568 3953 animarum
2598 3890 2891 3972 vertitur,
2940 3889 3019 3953 de

462 3997 693 4062 vestris
740 3996 1042 4062 manibus
1088 4002 1541 4078 assequantur,
1606 3996 1789 4060 vobis
1854 3995 1934 4060 de
1991 3994 2259 4079 speciali
2313 3996 2525 4077 gratia
2586 3995 3018 4079 indulgemuS,

462 4110 537 4169 ut
594 4106 687 4169 eis
741 4103 943 4168 libere
999 4109 1233 4168 cuncta
1286 4103 1655 4167 ministrare
1701 4104 1966 4187 possitis
2015 4102 2455 4167 ecclesiastica
2501 4107 2910 4167 sacramenta
2956 4108 3022 4166 et

464 4210 745 4293 eosdem,
793 4232 940 4275 cum
988 4210 1329 4292 decedunt,
1376 4211 1443 4274 in
1489 4211 1720 4275 vestris
1752 4209 2086 4292 cimiterijs
2119 4209 2411 4293 sepelire.
2490 4208 2666 4273 Nulli
2700 4231 2854 4292 ergo
2897 4216 3015 4274 etc.

461 4324 684 4383 nostre
729 4317 1133 4384 inhibitionis
1182 4320 1305 4404 [et]
1355 4319 1810 4383 concessionis,

644 4569 662 4601 ¹
700 4568 810 4624 Am
858 4569 1016 4624 Ende
1061 4570 1163 4624 der
1205 4569 1696 4640 vorhergehenden
1742 4568 1907 4622 Zeile,
2124 4569 2146 4600 ²
2190 4586 2217 4622 s
2261 4568 2364 4623 auf
2402 4567 2596 4622 Rasur.
2670 4566 3019 4622 Vermutlich

463 4659 627 4713 stand
666 4660 736 4712 tis
773 4659 860 4714 da,
1081 4658 1104 4690 ³
1139 4657 1249 4712 Die
1284 4646 1635 4714 ⁷(lberschrift
1670 4676 1758 4713 am
1797 4658 1954 4712 Ende
1992 4658 2090 4712 der
2126 4657 2612 4728 vorhergehenden
2648 4656 2817 4713 Zeile.
