3242 5184
1327 248 1772 310 *55-

277 427 396 487 aut
458 443 680 487 eorum
746 420 1054 486 officiales
1116 421 1184 484 in
1238 441 1549 512 personas
1606 425 1856 486 vestras
1911 421 2012 486 vel
2065 423 2370 487 ecclesias
2437 422 2831 486 sentenciam

278 509 591 612 aliquam*
622 533 848 594 contra
900 526 1269 592 libertatem
1324 527 1568 592 eisdem
1624 550 1665 593 a
1718 528 2285 612 predecessoribus
2339 529 2579 594 nostris
2632 528 2733 593 vel
2792 550 2831 592 a

275 635 465 700 nobis
511 635 830 699 indultam
875 635 1445 718 promulgaverint,
1495 634 1770 700 eandem
1808 637 2195 700 sententiam
2231 642 2568 719 tamquam
2605 641 2832 701 contra

276 741 635 826 apostolice
690 741 861 806 sedis
917 740 1172 805 indulta
1223 742 1545 826 prolatam
1603 742 1948 816 statuimus
2010 742 2411 829 irritandam.
2523 742 2829 807 Decerni-

270 870 419 913 mus
467 869 621 932 ergo
669 854 789 914 etc.
874 847 1068 914 Salva
1113 849 1283 913 sedis
1318 849 1673 933 apostolice
1709 849 2114 915 auctoritate.
2192 847 2260 914 Si
2297 849 2442 931 quis
2474 850 2676 932 igitur
2705 855 2826 914 etc.

270 955 525 1021 Datum
573 961 695 1021 etc.

543 1239 1053 1323 Privilegium
1101 1239 1609 1306 Cartusiense
1657 1246 2077 1324 sequenter
2123 1242 2537 1324 sequitur1.
2870 1245 2989 1301 Fol.
3028 1251 3148 1299 30⁸.

449 1398 850 1483 Religiosam
894 1400 1095 1492 vitam
1142 1400 1529 1483 eligentibus
1578 1401 2003 1484 apostolicum
2057 1401 2356 1466 convenit
2410 1400 2640 1466 adesse
2686 1422 2830 1486 pre-

267 1507 532 1589 sidium,
571 1528 653 1571 ne
699 1506 864 1572 forte
912 1506 1258 1571 cuiuslibet
1303 1508 1691 1573 temeritatis
1738 1509 2034 1573 incursus
2095 1513 2211 1572 aut
2257 1529 2365 1573 eos
2414 1530 2453 1572 a
2497 1508 2829 1591 proposito

267 1620 535 1681 revocet
570 1620 685 1680 aut
719 1613 938 1696 robur,
988 1613 1162 1697 quod
1193 1613 1385 1696 absit,
1436 1636 1618 1679 sacre
1660 1615 1991 1698 religionis
2037 1615 2366 1697 infringat.
2440 1612 2828 1699 Eapropter,

269 1723 497 1787 dilecti
553 1722 621 1785 in
677 1720 934 1787 domino
988 1720 1135 1804 filij,
1200 1722 1433 1785 vestris
1487 1722 1678 1786 iustis
1723 1721 2277 1804 postulacionibus
2324 1720 2673 1787 clementer
2718 1744 2829 1786 an-

266 1830 533 1894 nuimus
590 1833 657 1893 et
710 1828 972 1894 domum
1029 1833 1314 1892 vestram
1369 1850 1515 1892 cum
1562 1828 1859 1893 omnibus
1905 1828 2113 1910 boniS,
2160 1829 2419 1912 pascuis
2467 1835 2533 1894 et
2575 1851 2828 1913 posses-

271 1936 588 2018 sionibuS,
656 1958 818 2020 quas
876 1936 1443 2018 impresentiarum
1506 1935 1992 2000 racionabiliter
2045 1936 2390 2018 possidetis
2448 1941 2563 2000 aut
2617 1937 2685 1999 in
2730 1935 2826 2000 fu-

265 2049 492 2107 turum
553 2044 744 2107 iustis
804 2041 1011 2106 modis
1072 2046 1405 2124 prestante
1463 2041 1720 2107 domino
1777 2042 2075 2124 poteritis
2131 2042 2424 2125 adipisci,
2473 2042 2593 2106 sub
2652 2042 2829 2106 beati

267 2149 455 2214 Petri
502 2156 568 2214 et
611 2155 837 2215 nostra
883 2149 1282 2231 protectione
1332 2149 1717 2231 suscipimus
1765 2153 1830 2212 et
1860 2150 2178 2231 presentis
2227 2150 2452 2233 scripti
2493 2149 2829 2232 privilegio

268 2257 741 2322 communimus
761 2256 787 2294 2
833 2261 898 2320 et
942 2256 1254 2320 terminos
1302 2255 1518 2320 domui
1563 2260 1778 2319 vestre
1838 2255 1920 2319 ab
1968 2255 2192 2320 ordine
2239 2255 2638 2322 Oartusiensi
2683 2279 2829 2339 pro-

264 2364 422 2430 vida
467 2363 933 2427 deliberatione
981 2365 1261 2426 statutos
1320 2361 1678 2444 apostolica
1725 2362 2113 2427 auctoritate
2158 2361 2631 2428 confirmamuS.
2725 2362 2830 2427 Ad

265 2471 393 2536 hec
447 2471 836 2535 auctoritate
894 2468 1250 2551 apostolica
1304 2467 1750 2532 interdicimus
1807 2473 1873 2532 et
1931 2468 2049 2532 sub
2096 2470 2629 2536 interminacione
2677 2492 2828 2534 ana-

267 2577 578 2643 thematis
623 2575 1061 2658 prohibemus,
1109 2595 1190 2638 ne
1237 2575 1382 2657 quis
1419 2569 1590 2639 infra
1624 2575 1936 2639 terminos
1982 2575 2157 2658 ipsos
2204 2575 2528 2642 hominem
2576 2596 2828 2659 capere,

266 2685 517 2749 furtum
564 2704 679 2747 seu
708 2683 1004 2765 rapinam
1038 2682 1441 2747 committere
1489 2685 1604 2744 aut
1642 2682 1857 2762 ignem
1895 2703 2219 2764 apponere
2265 2684 2366 2748 vel
2410 2681 2828 2748 homicidium

268 2792 487 2856 facere
535 2788 775 2853 audeat
831 2795 944 2853 aut
989 2789 1279 2859 homines
1329 2786 1413 2851 ad
1459 2785 1722 2852 domum
1768 2793 2049 2852 vestram
2096 2791 2425 2855 venientes
2471 2789 2572 2854 vel
2620 2790 2702 2854 ab
2753 2811 2829 2854 ea

266 2898 615 2963 redeuntes
663 2896 1147 2978 quomodolibet
1190 2893 1593 2978 perturbare,
1656 2899 1728 2958 ut
1783 2894 1905 2959 ob3
1959 2897 2388 2961 reverentiam
2446 2897 2548 2961 dei
2595 2903 2660 2961 et
2704 2897 2828 2962 loci

267 3005 471 3070 vestri
518 3002 689 3067 infra
733 3002 1058 3085 predictos
1106 3003 1415 3066 terminos
1461 3022 1589 3066 non
1638 3001 1845 3066 solum
1898 3024 2010 3067 vos
2058 3008 2125 3067 et
2169 3002 2402 3068 fratres
2447 3005 2666 3086 vestri,
2716 3002 2828 3067 sed

274 3112 477 3177 etiam
511 3110 619 3194 alij
654 3109 914 3193 plenam
944 3130 1172 3192 pacem
1217 3107 1504 3172 habeant
1533 3113 1617 3193 et
1663 3109 1965 3191 quietem.
2060 3108 2291 3174 Liceat
2345 3131 2602 3194 quoque
2647 3110 2830 3176 vobis

273 3218 546 3284 clericos
593 3216 696 3281 vel
740 3216 986 3299 lachS,
1033 3215 1274 3281 liberos
1323 3219 1390 3279 et
1436 3213 1789 3296 absolutOS,
1839 3236 1873 3279 6
1922 3216 2138 3281 seculo
2184 3215 2503 3299 fugientes
2551 3216 2633 3281 ad
2682 3239 2831 3282 con-

266 3325 634 3390 versionem
690 3327 972 3388 vestram
1030 3323 1319 3406 recipere
1379 3327 1443 3386 et
1497 3343 1606 3387 eos
1664 3321 1910 3405 absque
1965 3322 2161 3386 ullius
2208 3324 2718 3388 contradictione
2764 3323 2831 3387 in

267 3436 489 3496 vestro
562 3429 831 3512 collegio
906 3429 1206 3493 retinere.
1328 3426 1755 3493 Prohibemus
1820 3429 2120 3512 insuper,
2196 3435 2271 3493 ut
2332 3430 2494 3494 nulli
2558 3429 2832 3494 fratrum

268 3543 638 3602 vestrorum
683 3540 833 3619 post
878 3534 1118 3600 factam
1165 3535 1232 3597 in
1279 3533 1505 3599 eodem
1540 3534 1682 3600 loco
1715 3533 2183 3617 professionem
2230 3536 2478 3620 absque
2523 3534 2833 3600 licencia4

269 3643 510 3728 prioris
567 3643 667 3707 sui
721 3642 820 3707 fas
886 3642 972 3706 sit
1027 3641 1108 3707 de
1174 3642 1457 3706 claustro
1522 3646 1738 3706 vestro
1796 3641 2147 3722 discedere,
2197 3641 2634 3708 discedentem
2680 3665 2831 3709 vero

272 3750 524 3833 absque
557 3750 991 3814 communium
1021 3748 1386 3813 litterarum
1419 3750 1726 3812 caucione
1757 3747 1972 3812 nullus
2011 3747 2251 3813 audeat
2281 3750 2580 3814 retinere.
2660 3747 2832 3815 Sane

271 3856 576 3921 laborum
621 3862 986 3921 vestrorum
1032 3855 1112 3920 de
1143 3855 1658 3939 possessionibus
1689 3853 1931 3919 habitis
1979 3860 2130 3919 ante
2163 3855 2502 3921 consilium
2532 3857 2831 3939 generale

272 3985 353 4029 ac
400 3963 597 4028 etiam
643 3963 990 4044 novalium,
1051 3983 1176 4046 que
1221 3962 1502 4046 proprijs
1549 3962 1852 4027 manibus
1900 3967 2015 4026 aut
2061 3962 2424 4045 sumptibus
2471 3962 2704 4045 colitis,
2753 3962 2830 4027 de

459 4159 478 4189 ¹
517 4157 675 4212 Dazu
713 4175 803 4212 am
841 4158 1037 4212 Rande
1073 4159 1131 4211 in
1167 4163 1315 4212 roter
1351 4156 1570 4212 Schrift:
1613 4159 1681 4213 Si
1719 4158 1991 4212 dicatur
2026 4163 2181 4212 ante
2218 4159 2595 4212 consilium
2630 4176 2830 4229 gene-

270 4247 450 4314 rale,
488 4249 801 4316 ponitur:
839 4246 1011 4301 Sane
1048 4247 1370 4301 laborum.
1419 4245 1486 4300 Si
1522 4265 1682 4301 vero
1721 4247 1995 4301 dicatur
2028 4252 2184 4317 post
2219 4247 2605 4314 consilium,
2643 4245 2842 4317 poni&

272 4341 411 4389 tur:
450 4333 622 4389 Sane
657 4335 1009 4391 novalium
1048 4340 1116 4390 et
1151 4340 1409 4390 cetera.
1471 4335 1581 4390 Die
1605 4335 2050 4407 Bullenanfange
2073 4334 2218 4390 Sane
2255 4335 2508 4390 laborum
2546 4337 2660 4389 und
2685 4335 2831 4391 Sane

272 4423 562 4479 novalium
600 4429 656 4478 et
691 4429 873 4479 cetera
909 4425 967 4477 in
1003 4424 1320 4493 schwarzer,
1359 4424 1651 4479 braunlich
1676 4425 2033 4495 gewordener
2056 4424 2279 4479 Schrift.
2425 4424 2448 4458 ²
2483 4425 2605 4480 Nur
2630 4425 2829 4495 abgek.

272 4531 339 4567 co
376 4514 480 4566 mit
517 4510 695 4566 Strich
730 4511 871 4568 fiber
907 4513 1034 4568 dem
1071 4531 1119 4567 0.
1290 4513 1312 4544 ³
1347 4512 1490 4568 korr.
1531 4531 1631 4568 aus
1669 4514 1741 4568 ab
1777 4515 1881 4566 mit
1915 4518 2063 4568 roter
2097 4512 2317 4568 Schrift.
2497 4512 2521 4545 4
2556 4514 2631 4568 Es
2667 4515 2826 4568 stand

272 4602 563 4659 licenciam
600 4602 686 4658 da.
761 4620 816 4659 m
853 4620 964 4661 von
999 4602 1288 4680 dei-selben
1325 4603 1491 4659 Tinte
1527 4603 1931 4660 unterstrichen
1970 4603 2086 4660 und
2122 4608 2209 4661 rot
2247 4601 2746 4677 dmchgestrichen.
