3242 5184
1237 307 1663 369 —77—-

183 504 434 548 manere
483 484 830 548 sancimus.
922 483 1128 549 Porro
1176 503 1461 563 crucem,
1508 482 1813 547 vexillum
1860 481 2251 548 dominicum
2300 482 2566 564 scilicet,
2615 501 2732 564 per

184 596 355 655 tuam
411 590 738 673 dyocesim
796 596 862 655 et
915 590 1327 673 episcopatus
1384 589 1505 654 tibi
1561 575 1855 654 subditos
1915 594 2066 653 ante
2112 595 2177 654 te
2225 588 2555 654 deferendi
2601 588 2730 652 fra-

185 698 467 761 ternitati
513 701 626 761 tue
670 697 1000 762 licentiam
1044 697 1453 780 impertimur
1497 695 1600 760 vel
1652 695 1858 760 aliter.
1951 695 2156 762 Porro
2205 717 2489 778 crucem,
2536 695 2732 759 vexil-

184 804 308 867 lum
354 803 605 868 scilicet
653 804 1065 886 dominicum,
1120 825 1239 887 per
1289 802 1656 886 provincias
1714 808 1780 867 et
1834 803 2246 886 episcopatus
2312 801 2434 867 tibi
2496 807 2732 867 metro-

185 909 434 993 politico
492 916 561 975 et
613 912 915 995 primatie
969 912 1109 975 iure
1166 910 1519 992 subiectoS,
1579 911 1750 974 sicut
1793 908 2358 992 predecessoribus
2405 910 2537 973 tuis
2585 928 2732 974 con-

186 1038 428 1081 cessum
494 1017 697 1083 fuisse
763 1017 1139 1099 dinoscitur,
1207 1023 1357 1082 ante
1410 1022 1476 1082 te
1533 1016 1865 1082 deferendi
1919 1015 2248 1081 licentiam
2303 1016 2729 1098 impertimur.

182 1122 603 1189 Decernimus
669 1145 820 1207 ergo
886 1129 1006 1189 etc.
1055 1145 1263 1207 usque
1313 1124 1658 1188 ecclesiam
1704 1123 2255 1188 Mediolanensem
2308 1128 2553 1187 temere
2608 1129 2729 1187 etc.

184 1252 379 1313 usque
424 1231 788 1314 profutura.
827 1232 845 1320 Η
882 1229 1079 1296 Salva
1125 1229 1296 1295 sedis
1343 1231 1697 1313 apostolice
1743 1232 2131 1294 auctoritate
2178 1229 2278 1294 vel
2325 1229 2503 1294 salvo
2551 1251 2729 1294 man·
2771 1239 2890 1293 Fol.
2930 1245 2991 1292 41
3011 1240 3049 1293 ¹¹.

185 1336 326 1401 dato
373 1338 551 1403 sedis
599 1338 953 1420 apostolice
1001 1336 1286 1420 speciali.
1380 1336 1450 1403 Si
1496 1358 1628 1419 qua
1673 1337 1871 1418 igitur
1918 1326 2038 1401 etc.
2132 1335 2397 1401 Cunctis
2445 1341 2566 1401 etc.

441 1622 951 1705 Privilegium
1014 1598 1482 1686 Iudeorum11
1581 1619 1856 1686 Dilectis
1923 1621 1990 1684 in
2046 1619 2303 1685 Christo
2358 1619 2511 1704 filijs
2576 1619 2732 1685 fide-

535 1728 709 1794 libus
734 1728 1148 1811 christianis.

351 1889 539 1955 Sicut
582 1888 803 1954 Iudeis
856 1910 987 1953 non
1033 1888 1228 1953 debet
1282 1909 1424 1953 esse
1478 1888 1743 1953 licentia
1797 1889 1864 1952 in
1919 1889 2263 1971 synagogis
2320 1888 2493 1970 suiS,
2559 1887 2734 1952 ultra

181 2017 368 2078 quam
405 1997 838 2080 permissum2
868 2001 969 2060 est
1003 1994 1165 2078 lege,
1197 2016 1589 2078 presumere,
1627 1996 1724 2059 ita
1759 1997 1826 2059 in
1864 1995 2011 2078 hijs,
2051 2016 2176 2078 que
2214 2015 2523 2059 concessa
2559 2000 2731 2077 sunt,

180 2102 421 2168 nullum
472 2103 712 2169 debent
755 2102 1172 2186 preiuditium
1220 2103 1559 2167 sustinere.
1635 2101 1768 2167 Nos
1827 2122 2000 2185 ergo,
2047 2102 2202 2167 licet
2245 2103 2314 2166 in
2361 2123 2481 2166 sua
2525 2101 2731 2184 magis

181 2209 417 2275 duritia
446 2210 652 2275 velint
688 2209 1042 2293 perdurare
1082 2231 1277 2292 quam
1314 2209 1778 2294 prophetarum
1815 2209 2014 2274 verba
2050 2215 2116 2273 et
2154 2230 2419 2273 suarum
2457 2207 2732 2290 scriptu-

179 2336 392 2380 rarum
439 2316 727 2381 archana
771 2336 1158 2399 cognoscere
1205 2321 1401 2398 atque
1448 2316 1533 2380 ad
1580 2315 1932 2381 christiane
1976 2314 2130 2379 fidei
2177 2320 2244 2379 et
2281 2314 2510 2380 salutis
2565 2314 2732 2380 noti-

182 2421 338 2486 ciam
383 2424 747 2505 pervenire,
797 2424 953 2506 quia
998 2429 1217 2487 tamen
1254 2422 1692 2488 defensionem
1728 2428 2020 2488 nostram
2059 2428 2126 2487 et
2162 2422 2473 2486 auxilium
2509 2426 2731 2505 postu-

181 2525 314 2592 lant
343 2534 411 2594 et
448 2529 802 2594 christiane
847 2530 1112 2613 pietatis
1157 2530 1741 2612 mansuetudinem,
1792 2529 2325 2613 predecessorum
2360 2534 2732 2593 nostrorum

180 2631 377 2699 felicis
426 2637 738 2701 memorie
776 2630 1033 2718 Calixti,
1070 2636 1368 2720 Eugenij,
1408 2622 1786 2717 Alexandri,
1826 2635 2199 2718 Clementis,
2248 2634 2576 2717 Celestini,
2622 2633 2729 2699 In-

181 2743 450 2825 nocentij
505 2748 574 2806 et
606 2743 877 2827 Honorij
920 2743 1362 2809 Romanorum
1408 2742 1787 2826 pontificum
1824 2744 2114 2827 vestigijs
2151 2743 2521 2808 inherentes
2559 2742 2729 2825 ipso-

179 2868 315 2912 rum
359 2850 744 2933 petitionem
800 2849 1202 2915 admittimus
1262 2851 1485 2934 eisque
1539 2850 1970 2934 proteccionis
2028 2855 2248 2915 nostre
2304 2850 2581 2933 clipeum
2635 2850 2730 2912 in-

180 2953 532 3039 dulgemus.
593 2955 950 3023 Statuimus
982 2958 1200 3040 etiam,
1225 2964 1299 3023 ut
1335 2958 1550 3022 nullus
1591 2958 1983 3022 christianus
2019 2957 2256 3022 invitos
2292 2957 2399 3021 vel
2435 2956 2728 3021 nolentes

179 3081 281 3126 eos
328 3063 412 3128 ad
462 3063 856 3146 baptismum
903 3085 1020 3148 per
1064 3064 1437 3129 violentiam
1492 3065 1711 3129 venire
1759 3064 2140 3147 compeHat,
2204 3062 2347 3146 sed,
2405 3063 2461 3128 si
2508 3084 2730 3128 eorum

179 3169 451 3249 quilibet
514 3177 743 3253 sponte
808 3170 892 3236 ad
957 3171 1345 3237 christianos
1410 3171 1563 3235 fidei
1638 3193 1838 3237 causa
1913 3170 2275 3253 confugerit
2295 3220 2311 3252 ,
2382 3175 2730 3253 postquam

179 3275 475 3341 voluntas
524 3278 662 3342 eius
716 3276 915 3342 fuerit
965 3278 1322 3362 patefacta,
1381 3278 1772 3343 christianus
1830 3278 2077 3360 absque
2133 3278 2355 3360 aliqua
2410 3276 2731 3341 efficiatur

181 3381 564 3467 calumpnia.
638 3382 879 3450 Veram
918 3385 1156 3468 quippe
1194 3385 1691 3450 christianitatis
1738 3384 1933 3451 fidem
1970 3383 2214 3449 habere
2246 3406 2375 3449 non
2422 3383 2726 3465 creditur,

182 3490 287 3569 qui
332 3490 415 3555 ad
481 3490 979 3556 christianorum
1042 3491 1370 3575 baptisma
1431 3514 1561 3557 non
1627 3497 2053 3575 spontaneuS,
2120 3490 2237 3556 sed
2290 3492 2530 3555 invitus
2587 3510 2728 3555 esse

183 3598 586 3677 cognoscitur
646 3599 1002 3682 pervenire.
1114 3589 1345 3664 Nullus
1412 3600 1609 3663 etiam
1676 3599 2065 3664 christianus
2128 3619 2362 3663 eorum·
2415 3617 2726 3680 personas

184 3701 312 3768 sine
370 3704 604 3770 iuditio
660 3706 1003 3789 potestatis
1061 3711 1231 3770 terre
1286 3705 1627 3771 vulnerare
1685 3713 1800 3770 aut
1863 3704 2155 3771 occidere
2213 3705 2315 3780 vel
2381 3726 2531 3769 suas
2596 3703 2726 3768 illis

183 3811 483 3889 pecunias
531 3811 787 3877 auferre
824 3819 1160 3897 presumat
1204 3818 1320 3877 aut
1364 3812 1599 3895 bonae,
1650 3835 1813 3896 quas
1860 3813 2174 3877 hactenus
2222 3812 2289 3874 in
2337 3832 2433 3893 ea,
2481 3811 2549 3874 in
2595 3831 2727 3893 qua

183 3910 475 3982 habitant
495 3968 510 3999 ,
557 3919 819 4001 regione
865 3919 1245 4002 habuerint,
1295 3921 1796 3986 consuetudines
1843 3921 2211 3984 immutare.
2306 3917 2617 3982 Preterea
2659 3917 2728 3980 in
2777 3983 2783 3989 ,

185 4017 600 4089 festivitatum
633 4047 898 4091 suarum
929 4026 1365 4093 celebratione
1398 4027 1747 4110 quisquam
1778 4026 2068 4092 fascibus
2100 4025 2201 4091 vel
2247 4024 2575 4107 lapidibus
2600 4020 2725 4088 'eos

188 4128 547 4196 nullatenus
585 4153 717 4197 non
751 4133 1094 4216 perturbet
1129 4155 1340 4217 neque
1380 4134 1615 4216 aliquis
1656 4133 1738 4197 ab
1789 4134 1882 4198 eis
1932 4138 2158 4198 coacta
2207 4131 2480 4196 servicia
2509 4131 2729 4212 exigat

186 4234 301 4299 nisi
346 4258 443 4320 ea,
494 4260 620 4321 que
665 4239 792 4322 ipsi
836 4241 1164 4323 preteritis
1213 4240 1426 4306 facere
1463 4239 1863 4323 temporibus
1903 4243 2390 4304 consueverunt.
2464 4236 2570 4300 Ad
2607 4237 2728 4301 hec

188 4342 492 4410 malorum
527 4345 857 4410 hominum
895 4348 1204 4430 pravitati
1238 4353 1304 4412 et
1334 4347 1605 4411 avaritie
1628 4346 1963 4411 obviantes
1985 4345 2410 4425 decernimUS,
2436 4349 2512 4408 ut
2539 4364 2727 4408 nemo

189 4446 561 4517 cimiterium
591 4451 942 4518 Iudeorum
988 4454 1291 4519 mutilare
1337 4455 1439 4518 vel
1485 4454 1774 4518 minuere
1823 4451 2063 4518 audeat
2110 4453 2241 4516 sive
2290 4451 2560 4515 obtentu
2617 4472 2726 4533 pe-

352 4666 369 4697 ¹
405 4666 514 4721 Die
551 4673 693 4721 erste
731 4667 878 4721 Zeile
916 4668 1015 4720 der
1050 4667 1362 4721 Aufschrift
1395 4667 1579 4721 hinter
1614 4673 1717 4720 etc.
1864 4667 1885 4698 ²
1922 4666 2156 4719 Hdsehr.
2183 4684 2299 4735 pro,
