<?xml version="1.0" encoding="UTF-8"?>
<!DOCTYPE html PUBLIC "-//W3C//DTD XHTML 1.0 Transitional//EN"
    "http://www.w3.org/TR/xhtml1/DTD/xhtml1-transitional.dtd">
<html xmlns="http://www.w3.org/1999/xhtml" xml:lang="en" lang="en">
 <head>
  <title>
</title>
<meta http-equiv="Content-Type" content="text/html;charset=utf-8" />
  <meta name='ocr-system' content='tesseract 3.04.00' />
  <meta name='ocr-capabilities' content='ocr_page ocr_carea ocr_par ocr_line ocrx_word'/>
</head>
<body>
  <div class='ocr_page' id='page_1' title='image "./derlibercancell00dietgoog_0144.png"; bbox 0 0 3242 5184; ppageno 0'>
   <div class='ocr_carea' id='block_1_1' title="bbox 151 1994 428 2048">
    <p class='ocr_par' dir='ltr' id='par_1_1' title="bbox 151 1994 428 2048">
     <span class='ocr_line' id='line_1_1' title="bbox 151 1994 428 2048; baseline -0.004 -3"><span class='ocrx_word' id='word_1_1' title='bbox 151 1994 268 2048; x_wconf 87' lang='lat' dir='ltr'>Fol.</span> <span class='ocrx_word' id='word_1_2' title='bbox 310 1997 374 2046; x_wconf 75' lang='lat'>37</span> <span class='ocrx_word' id='word_1_3' title='bbox 391 2001 428 2044; x_wconf 80' lang='lat'>⁸.</span> 
     </span>
    </p>
   </div>
   <div class='ocr_carea' id='block_1_2' title="bbox 1521 299 1948 361">
    <p class='ocr_par' dir='ltr' id='par_1_2' title="bbox 1521 299 1948 361">
     <span class='ocr_line' id='line_1_2' title="bbox 1521 299 1948 361; baseline -0.002 -15"><span class='ocrx_word' id='word_1_4' title='bbox 1521 299 1948 361; x_wconf 42' lang='lat'>*58—</span> 
     </span>
    </p>
   </div>
   <div class='ocr_carea' id='block_1_3' title="bbox 463 472 3022 2377">
    <p class='ocr_par' dir='ltr' id='par_1_3' title="bbox 463 472 3022 2377">
     <span class='ocr_line' id='line_1_3' title="bbox 463 472 3013 559; baseline -0.003 -15"><span class='ocrx_word' id='word_1_5' title='bbox 463 479 645 544; x_wconf 91' lang='lat' dir='ltr'>Petri</span> <span class='ocrx_word' id='word_1_6' title='bbox 695 484 762 544; x_wconf 89' lang='lat' dir='ltr'>et</span> <span class='ocrx_word' id='word_1_7' title='bbox 792 483 1015 544; x_wconf 83' lang='lat' dir='ltr'>nostra</span> <span class='ocrx_word' id='word_1_8' title='bbox 1045 477 1444 559; x_wconf 91' lang='lat' dir='ltr'>protectione</span> <span class='ocrx_word' id='word_1_9' title='bbox 1477 475 1837 540; x_wconf 80' lang='lat' dir='ltr'><strong>consistant</strong></span> <span class='ocrx_word' id='word_1_10' title='bbox 1868 480 1933 540; x_wconf 91' lang='lat' dir='ltr'>et</span> <span class='ocrx_word' id='word_1_11' title='bbox 1963 495 2080 558; x_wconf 91' lang='lat' dir='ltr'>per</span> <span class='ocrx_word' id='word_1_12' title='bbox 2109 479 2337 555; x_wconf 88' lang='lat' dir='ltr'>terras,</span> <span class='ocrx_word' id='word_1_13' title='bbox 2385 474 2451 537; x_wconf 88' lang='lat' dir='ltr'>in</span> <span class='ocrx_word' id='word_1_14' title='bbox 2485 473 2718 556; x_wconf 91' lang='lat' dir='ltr'>quibus</span> <span class='ocrx_word' id='word_1_15' title='bbox 2750 472 3013 553; x_wconf 90' lang='lat' dir='ltr'>fuerint,</span> 
     </span>
     <span class='ocr_line' id='line_1_4' title="bbox 466 581 3017 668; baseline -0.003 -18"><span class='ocrx_word' id='word_1_16' title='bbox 466 585 805 650; x_wconf 76' lang='lat' dir='ltr'>obtineant</span> <span class='ocrx_word' id='word_1_17' title='bbox 851 585 975 668; x_wconf 90' lang='lat' dir='ltr'>ipsi</span> <span class='ocrx_word' id='word_1_18' title='bbox 1008 604 1253 667; x_wconf 90' lang='lat' dir='ltr'>pacem.</span> <span class='ocrx_word' id='word_1_19' title='bbox 1319 582 1526 648; x_wconf 86' lang='lat' dir='ltr'>Simili</span> <span class='ocrx_word' id='word_1_20' title='bbox 1558 581 1749 647; x_wconf 92' lang='lat' dir='ltr'>modo</span> <span class='ocrx_word' id='word_1_21' title='bbox 1782 582 2128 663; x_wconf 86' lang='lat' dir='ltr'>sancimus,</span> <span class='ocrx_word' id='word_1_22' title='bbox 2163 586 2253 663; x_wconf 92' lang='lat' dir='ltr'>ut,</span> <span class='ocrx_word' id='word_1_23' title='bbox 2299 581 2666 664; x_wconf 84' lang='lat' dir='ltr'>quicunque</span> <span class='ocrx_word' id='word_1_24' title='bbox 2697 581 2764 644; x_wconf 93' lang='lat' dir='ltr'>in</span> <span class='ocrx_word' id='word_1_25' title='bbox 2796 585 3017 644; x_wconf 87' lang='lat' dir='ltr'>vestra</span> 
     </span>
     <span class='ocr_line' id='line_1_5' title="bbox 465 688 3016 774; baseline -0.003 -17"><span class='ocrx_word' id='word_1_26' title='bbox 465 692 661 758; x_wconf 89' lang='lat' dir='ltr'>fuerit</span> <span class='ocrx_word' id='word_1_27' title='bbox 704 691 1112 756; x_wconf 86' lang='lat' dir='ltr'>fraternitate</span> <span class='ocrx_word' id='word_1_28' title='bbox 1149 695 1485 774; x_wconf 75' lang='lat' dir='ltr'>receptuS,</span> <span class='ocrx_word' id='word_1_29' title='bbox 1554 690 1606 753; x_wconf 91' lang='lat' dir='ltr'>si</span> <span class='ocrx_word' id='word_1_30' title='bbox 1654 688 1821 753; x_wconf 93' lang='lat' dir='ltr'>forte</span> <span class='ocrx_word' id='word_1_31' title='bbox 1869 688 2178 769; x_wconf 90' lang='lat' dir='ltr'>ecclesia,</span> <span class='ocrx_word' id='word_1_32' title='bbox 2246 688 2329 752; x_wconf 90' lang='lat' dir='ltr'>ad</span> <span class='ocrx_word' id='word_1_33' title='bbox 2377 708 2569 770; x_wconf 92' lang='lat' dir='ltr'>quam</span> <span class='ocrx_word' id='word_1_34' title='bbox 2614 688 2925 770; x_wconf 77' lang='lat' dir='ltr'>pertinet,</span> <span class='ocrx_word' id='word_1_35' title='bbox 2977 707 3016 750; x_wconf 89' lang='lat' dir='ltr'>a</span> 
     </span>
     <span class='ocr_line' id='line_1_6' title="bbox 466 794 3015 881; baseline -0.003 -17"><span class='ocrx_word' id='word_1_36' title='bbox 466 800 696 864; x_wconf 83' lang='lat' dir='ltr'>divinis</span> <span class='ocrx_word' id='word_1_37' title='bbox 729 798 925 863; x_wconf 86' lang='lat' dir='ltr'>fuerit</span> <span class='ocrx_word' id='word_1_38' title='bbox 954 796 1183 881; x_wconf 87' lang='lat' dir='ltr'>officijs</span> <span class='ocrx_word' id='word_1_39' title='bbox 1214 798 1559 861; x_wconf 89' lang='lat' dir='ltr'>interdicta</span> <span class='ocrx_word' id='word_1_40' title='bbox 1606 816 1880 877; x_wconf 89' lang='lat' dir='ltr'>eumque</span> <span class='ocrx_word' id='word_1_41' title='bbox 1926 796 2090 860; x_wconf 90' lang='lat' dir='ltr'>mori</span> <span class='ocrx_word' id='word_1_42' title='bbox 2138 796 2497 877; x_wconf 86' lang='lat' dir='ltr'>contigerit,</span> <span class='ocrx_word' id='word_1_43' title='bbox 2546 794 2754 858; x_wconf 93' lang='lat' dir='ltr'>eidem</span> <span class='ocrx_word' id='word_1_44' title='bbox 2803 794 3015 876; x_wconf 92' lang='lat' dir='ltr'>sepul-</span> 
     </span>
     <span class='ocr_line' id='line_1_7' title="bbox 466 900 3017 987; baseline -0.003 -16"><span class='ocrx_word' id='word_1_45' title='bbox 466 912 617 971; x_wconf 91' lang='lat' dir='ltr'>tura</span> <span class='ocrx_word' id='word_1_46' title='bbox 664 905 1105 971; x_wconf 88' lang='lat' dir='ltr'>ecclesiastica</span> <span class='ocrx_word' id='word_1_47' title='bbox 1160 926 1287 968; x_wconf 93' lang='lat' dir='ltr'>non</span> <span class='ocrx_word' id='word_1_48' title='bbox 1332 909 1623 987; x_wconf 79' lang='lat' dir='ltr'>negetur,</span> <span class='ocrx_word' id='word_1_49' title='bbox 1673 903 1798 966; x_wconf 85' lang='lat' dir='ltr'>nisi</span> <span class='ocrx_word' id='word_1_50' title='bbox 1845 903 2435 967; x_wconf 89' lang='lat' dir='ltr'>excommunicatus</span> <span class='ocrx_word' id='word_1_51' title='bbox 2484 900 2583 966; x_wconf 89' lang='lat' dir='ltr'>vel</span> <span class='ocrx_word' id='word_1_52' title='bbox 2626 901 3017 967; x_wconf 89' lang='lat' dir='ltr'>nominatim</span> 
     </span>
     <span class='ocr_line' id='line_1_8' title="bbox 466 1008 3017 1094; baseline -0.003 -16"><span class='ocrx_word' id='word_1_53' title='bbox 466 1013 663 1078; x_wconf 86' lang='lat' dir='ltr'>fuerit</span> <span class='ocrx_word' id='word_1_54' title='bbox 706 1011 1090 1077; x_wconf 88' lang='lat' dir='ltr'>interdictus</span> <span class='ocrx_word' id='word_1_55' title='bbox 1145 1011 1247 1076; x_wconf 85' lang='lat' dir='ltr'>vel</span> <span class='ocrx_word' id='word_1_56' title='bbox 1300 1011 1557 1094; x_wconf 91' lang='lat' dir='ltr'>publice</span> <span class='ocrx_word' id='word_1_57' title='bbox 1620 1011 1978 1074; x_wconf 64' lang='lat' dir='ltr'>usurarius</span> <span class='ocrx_word' id='word_1_58' title='bbox 2072 1009 2384 1074; x_wconf 86' lang='lat' dir='ltr'>Preterea</span> <span class='ocrx_word' id='word_1_59' title='bbox 2449 1009 2503 1072; x_wconf 93' lang='lat' dir='ltr'>si</span> <span class='ocrx_word' id='word_1_60' title='bbox 2562 1009 2674 1090; x_wconf 90' lang='lat' dir='ltr'>qui</span> <span class='ocrx_word' id='word_1_61' title='bbox 2738 1008 3017 1072; x_wconf 86' lang='lat' dir='ltr'>fratrum</span> 
     </span>
     <span class='ocr_line' id='line_1_9' title="bbox 468 1115 3016 1201; baseline -0.002 -16"><span class='ocrx_word' id='word_1_62' title='bbox 468 1126 857 1201; x_wconf 85' lang='lat' dir='ltr'>vestrorum,</span> <span class='ocrx_word' id='word_1_63' title='bbox 920 1120 1033 1201; x_wconf 90' lang='lat' dir='ltr'>qui</span> <span class='ocrx_word' id='word_1_64' title='bbox 1092 1140 1132 1183; x_wconf 90' lang='lat' dir='ltr'>a</span> <span class='ocrx_word' id='word_1_65' title='bbox 1184 1118 1367 1183; x_wconf 83' lang='lat' dir='ltr'>vobis</span> <span class='ocrx_word' id='word_1_66' title='bbox 1421 1118 1604 1182; x_wconf 91' lang='lat' dir='ltr'>missi</span> <span class='ocrx_word' id='word_1_67' title='bbox 1659 1116 1900 1180; x_wconf 92' lang='lat' dir='ltr'>fuerint</span> <span class='ocrx_word' id='word_1_68' title='bbox 1954 1117 2037 1181; x_wconf 90' lang='lat' dir='ltr'>ad</span> <span class='ocrx_word' id='word_1_69' title='bbox 2083 1116 2524 1199; x_wconf 91' lang='lat' dir='ltr'>recipiendum</span> <span class='ocrx_word' id='word_1_70' title='bbox 2569 1115 3016 1180; x_wconf 79' lang='lat' dir='ltr'>fraternitates</span> 
     </span>
     <span class='ocr_line' id='line_1_10' title="bbox 465 1222 3019 1306; baseline -0.003 -14"><span class='ocrx_word' id='word_1_71' title='bbox 465 1228 566 1292; x_wconf 86' lang='lat' dir='ltr'>vel</span> <span class='ocrx_word' id='word_1_72' title='bbox 612 1226 917 1291; x_wconf 91' lang='lat' dir='ltr'>collectas</span> <span class='ocrx_word' id='word_1_73' title='bbox 965 1225 1262 1306; x_wconf 88' lang='lat' dir='ltr'>easdem,</span> <span class='ocrx_word' id='word_1_74' title='bbox 1318 1225 1385 1288; x_wconf 92' lang='lat' dir='ltr'>in</span> <span class='ocrx_word' id='word_1_75' title='bbox 1432 1223 1793 1306; x_wconf 87' lang='lat' dir='ltr'>quamlibet</span> <span class='ocrx_word' id='word_1_76' title='bbox 1848 1224 2212 1304; x_wconf 86' lang='lat' dir='ltr'>civitatem,</span> <span class='ocrx_word' id='word_1_77' title='bbox 2271 1223 2611 1287; x_wconf 91' lang='lat' dir='ltr'>castellum</span> <span class='ocrx_word' id='word_1_78' title='bbox 2655 1222 2757 1287; x_wconf 83' lang='lat' dir='ltr'>vel</span> <span class='ocrx_word' id='word_1_79' title='bbox 2802 1223 3019 1286; x_wconf 85' lang='lat' dir='ltr'>vicum</span> 
     </span>
     <span class='ocr_line' id='line_1_11' title="bbox 466 1328 3018 1413; baseline -0.002 -14"><span class='ocrx_word' id='word_1_80' title='bbox 466 1334 872 1413; x_wconf 85' lang='lat' dir='ltr'>advenerint,</span> <span class='ocrx_word' id='word_1_81' title='bbox 931 1333 986 1396; x_wconf 92' lang='lat' dir='ltr'>si</span> <span class='ocrx_word' id='word_1_82' title='bbox 1033 1331 1198 1396; x_wconf 87' lang='lat' dir='ltr'>forte</span> <span class='ocrx_word' id='word_1_83' title='bbox 1244 1330 1423 1396; x_wconf 92' lang='lat' dir='ltr'>locus</span> <span class='ocrx_word' id='word_1_84' title='bbox 1470 1330 1580 1394; x_wconf 92' lang='lat' dir='ltr'>ille</span> <span class='ocrx_word' id='word_1_85' title='bbox 1630 1352 1670 1394; x_wconf 98' lang='lat' dir='ltr'>a</span> <span class='ocrx_word' id='word_1_86' title='bbox 1717 1329 1948 1394; x_wconf 82' lang='lat' dir='ltr'>divinis</span> <span class='ocrx_word' id='word_1_87' title='bbox 2007 1331 2093 1395; x_wconf 91' lang='lat' dir='ltr'>sit</span> <span class='ocrx_word' id='word_1_88' title='bbox 2147 1328 2370 1412; x_wconf 87' lang='lat' dir='ltr'>offitijs</span> <span class='ocrx_word' id='word_1_89' title='bbox 2425 1328 2841 1410; x_wconf 82' lang='lat' dir='ltr'>interdictuS,</span> <span class='ocrx_word' id='word_1_90' title='bbox 2899 1350 3018 1412; x_wconf 91' lang='lat' dir='ltr'>pro</span> 
     </span>
     <span class='ocr_line' id='line_1_12' title="bbox 466 1436 3018 1523; baseline -0.002 -18"><span class='ocrx_word' id='word_1_91' title='bbox 466 1440 922 1523; x_wconf 85' lang='lat' dir='ltr'>omnipotentis</span> <span class='ocrx_word' id='word_1_92' title='bbox 969 1439 1074 1503; x_wconf 90' lang='lat' dir='ltr'>dei</span> <span class='ocrx_word' id='word_1_93' title='bbox 1118 1438 1483 1503; x_wconf 86' lang='lat' dir='ltr'>reverentia</span> <span class='ocrx_word' id='word_1_94' title='bbox 1526 1438 1595 1500; x_wconf 95' lang='lat' dir='ltr'>in</span> <span class='ocrx_word' id='word_1_95' title='bbox 1643 1458 1864 1501; x_wconf 91' lang='lat' dir='ltr'>eorum</span> <span class='ocrx_word' id='word_1_96' title='bbox 1894 1436 2171 1502; x_wconf 92' lang='lat' dir='ltr'>iocundo</span> <span class='ocrx_word' id='word_1_97' title='bbox 2203 1436 2486 1501; x_wconf 87' lang='lat' dir='ltr'>adventu</span> <span class='ocrx_word' id='word_1_98' title='bbox 2517 1437 2717 1501; x_wconf 88' lang='lat' dir='ltr'>semel</span> <span class='ocrx_word' id='word_1_99' title='bbox 2745 1437 2815 1499; x_wconf 91' lang='lat' dir='ltr'>in</span> <span class='ocrx_word' id='word_1_100' title='bbox 2847 1457 3018 1500; x_wconf 91' lang='lat' dir='ltr'>anno</span> 
     </span>
     <span class='ocr_line' id='line_1_13' title="bbox 467 1542 3021 1632; baseline -0.002 -21"><span class='ocrx_word' id='word_1_101' title='bbox 467 1547 844 1632; x_wconf 91' lang='lat' dir='ltr'>aperiantur</span> <span class='ocrx_word' id='word_1_102' title='bbox 888 1546 1156 1610; x_wconf 78' lang='lat' dir='ltr'>ecclesie</span> <span class='ocrx_word' id='word_1_103' title='bbox 1202 1551 1269 1610; x_wconf 89' lang='lat' dir='ltr'>et</span> <span class='ocrx_word' id='word_1_104' title='bbox 1312 1545 1589 1609; x_wconf 82' lang='lat' dir='ltr'>exclusis</span> <span class='ocrx_word' id='word_1_105' title='bbox 1638 1545 2204 1609; x_wconf 85' lang='lat' dir='ltr'>excommunicatis</span> <span class='ocrx_word' id='word_1_106' title='bbox 2260 1549 2328 1609; x_wconf 89' lang='lat' dir='ltr'>et</span> <span class='ocrx_word' id='word_1_107' title='bbox 2378 1543 2742 1608; x_wconf 88' lang='lat' dir='ltr'>interdictis</span> <span class='ocrx_word' id='word_1_108' title='bbox 2799 1542 3021 1607; x_wconf 84' lang='lat' dir='ltr'>divina</span> 
     </span>
     <span class='ocr_line' id='line_1_14' title="bbox 466 1649 3022 1734; baseline -0.002 -17"><span class='ocrx_word' id='word_1_109' title='bbox 466 1654 559 1719; x_wconf 93' lang='lat' dir='ltr'>ibi</span> <span class='ocrx_word' id='word_1_110' title='bbox 625 1652 839 1718; x_wconf 91' lang='lat' dir='ltr'>officia</span> <span class='ocrx_word' id='word_1_111' title='bbox 895 1652 1319 1718; x_wconf 87' lang='lat' dir='ltr'>celebrentur.</span> <span class='ocrx_word' id='word_1_112' title='bbox 1423 1649 1594 1733; x_wconf 81' lang='lat' dir='ltr'>Quia</span> <span class='ocrx_word' id='word_1_113' title='bbox 1656 1671 1808 1715; x_wconf 84' lang='lat' dir='ltr'>vero</span> <span class='ocrx_word' id='word_1_114' title='bbox 1874 1651 2338 1716; x_wconf 86' lang='lat' dir='ltr'>sustentacioni</span> <span class='ocrx_word' id='word_1_115' title='bbox 2402 1651 2891 1734; x_wconf 85' lang='lat' dir='ltr'>peregrinorum</span> <span class='ocrx_word' id='word_1_116' title='bbox 2953 1655 3022 1713; x_wconf 89' lang='lat' dir='ltr'>et</span> 
     </span>
     <span class='ocr_line' id='line_1_15' title="bbox 466 1756 3021 1844; baseline -0.002 -20"><span class='ocrx_word' id='word_1_117' title='bbox 466 1781 825 1844; x_wconf 87' lang='lat' dir='ltr'>pauperum</span> <span class='ocrx_word' id='word_1_118' title='bbox 881 1759 1109 1824; x_wconf 88' lang='lat' dir='ltr'>cedere</span> <span class='ocrx_word' id='word_1_119' title='bbox 1165 1759 1381 1824; x_wconf 92' lang='lat' dir='ltr'>omnia</span> <span class='ocrx_word' id='word_1_120' title='bbox 1434 1762 1654 1822; x_wconf 87' lang='lat' dir='ltr'>vestra</span> <span class='ocrx_word' id='word_1_121' title='bbox 1709 1756 1949 1823; x_wconf 92' lang='lat' dir='ltr'>debent</span> <span class='ocrx_word' id='word_1_122' title='bbox 2003 1779 2078 1821; x_wconf 92' lang='lat' dir='ltr'>ac</span> <span class='ocrx_word' id='word_1_123' title='bbox 2122 1778 2240 1840; x_wconf 93' lang='lat' dir='ltr'>per</span> <span class='ocrx_word' id='word_1_124' title='bbox 2282 1757 2404 1823; x_wconf 93' lang='lat' dir='ltr'>hoc</span> <span class='ocrx_word' id='word_1_125' title='bbox 2450 1757 2820 1821; x_wconf 89' lang='lat' dir='ltr'>nullatenus</span> <span class='ocrx_word' id='word_1_126' title='bbox 2868 1756 3021 1839; x_wconf 86' lang='lat' dir='ltr'>alijs</span> 
     </span>
     <span class='ocr_line' id='line_1_16' title="bbox 468 1864 3022 1949; baseline -0.002 -17"><span class='ocrx_word' id='word_1_127' title='bbox 468 1867 691 1932; x_wconf 90' lang='lat' dir='ltr'>usibus</span> <span class='ocrx_word' id='word_1_128' title='bbox 729 1888 807 1931; x_wconf 91' lang='lat' dir='ltr'>ea</span> <span class='ocrx_word' id='word_1_129' title='bbox 847 1867 1147 1931; x_wconf 83' lang='lat' dir='ltr'>convenit</span> <span class='ocrx_word' id='word_1_130' title='bbox 1189 1864 1522 1949; x_wconf 90' lang='lat' dir='ltr'>applicari,</span> <span class='ocrx_word' id='word_1_131' title='bbox 1566 1865 1933 1946; x_wconf 77' lang='lat' dir='ltr'>statuimu8‚</span> <span class='ocrx_word' id='word_1_132' title='bbox 1981 1870 2056 1928; x_wconf 91' lang='lat' dir='ltr'>ut</span> <span class='ocrx_word' id='word_1_133' title='bbox 2085 1865 2165 1929; x_wconf 98' lang='lat' dir='ltr'>de</span> <span class='ocrx_word' id='word_1_134' title='bbox 2212 1864 2726 1948; x_wconf 88' lang='lat' dir='ltr'>possessionibus</span> <span class='ocrx_word' id='word_1_135' title='bbox 2774 1864 3022 1929; x_wconf 87' lang='lat' dir='ltr'>habitis</span> 
     </span>
     <span class='ocr_line' id='line_1_17' title="bbox 467 1959 3022 2060; baseline -0.002 -21"><span class='ocrx_word' id='word_1_136' title='bbox 467 1981 619 2039; x_wconf 90' lang='lat' dir='ltr'>ante</span> <span class='ocrx_word' id='word_1_137' title='bbox 651 1974 989 2039; x_wconf 84' lang='lat' dir='ltr'>consilium</span> <span class='ocrx_word' id='word_1_138' title='bbox 1020 1972 1338 2056; x_wconf 85' lang='lat' dir='ltr'>generale,</span> <span class='ocrx_word' id='word_1_139' title='bbox 1373 1993 1535 2054; x_wconf 91' lang='lat' dir='ltr'>quas</span> <span class='ocrx_word' id='word_1_140' title='bbox 1566 1970 1801 2036; x_wconf 83' lang='lat' dir='ltr'>vestris</span> <span class='ocrx_word' id='word_1_141' title='bbox 1831 1971 1848 2060; x_wconf 75' lang='grc' dir='ltr'>Η</span> <span class='ocrx_word' id='word_1_142' title='bbox 1881 1971 2242 2053; x_wconf 90' lang='lat' dir='ltr'>sumptibus</span> <span class='ocrx_word' id='word_1_143' title='bbox 2275 1971 2507 2053; x_wconf 82' lang='lat' dir='ltr'>colitis,</span> <span class='ocrx_word' id='word_1_144' title='bbox 2542 1972 2675 2036; x_wconf 83' lang='lat' dir='ltr'>sive</span> <span class='ocrx_word' id='word_1_145' title='bbox 2708 1970 2787 2035; x_wconf 95' lang='lat' dir='ltr'>de</span> <span class='ocrx_word' id='word_1_146' title='bbox 2810 1959 3022 2034; x_wconf 53' lang='lat' dir='ltr'>nutri:</span> 
     </span>
     <span class='ocr_line' id='line_1_18' title="bbox 466 2076 3022 2161; baseline -0.002 -15"><span class='ocrx_word' id='word_1_147' title='bbox 466 2083 703 2146; x_wconf 89' lang='lat' dir='ltr'>mentis</span> <span class='ocrx_word' id='word_1_148' title='bbox 738 2087 1098 2146; x_wconf 85' lang='lat' dir='ltr'>vestrorum</span> <span class='ocrx_word' id='word_1_149' title='bbox 1137 2079 1514 2144; x_wconf 91' lang='lat' dir='ltr'>animalium</span> <span class='ocrx_word' id='word_1_150' title='bbox 1554 2078 1771 2142; x_wconf 90' lang='lat' dir='ltr'>nullus</span> <span class='ocrx_word' id='word_1_151' title='bbox 1815 2079 2075 2143; x_wconf 92' lang='lat' dir='ltr'>omnino</span> <span class='ocrx_word' id='word_1_152' title='bbox 2115 2076 2384 2142; x_wconf 93' lang='lat' dir='ltr'>clericus</span> <span class='ocrx_word' id='word_1_153' title='bbox 2430 2079 2532 2142; x_wconf 85' lang='lat' dir='ltr'>vel</span> <span class='ocrx_word' id='word_1_154' title='bbox 2577 2078 2799 2161; x_wconf 87' lang='lat' dir='ltr'>laycus</span> <span class='ocrx_word' id='word_1_155' title='bbox 2847 2077 3022 2142; x_wconf 91' lang='lat' dir='ltr'>deci-</span> 
     </span>
     <span class='ocr_line' id='line_1_19' title="bbox 466 2184 3019 2268; baseline -0.002 -15"><span class='ocrx_word' id='word_1_156' title='bbox 466 2210 607 2253; x_wconf 89' lang='lat' dir='ltr'>mas</span> <span class='ocrx_word' id='word_1_157' title='bbox 670 2209 710 2251; x_wconf 92' lang='lat' dir='ltr'>a</span> <span class='ocrx_word' id='word_1_158' title='bbox 763 2186 947 2253; x_wconf 86' lang='lat' dir='ltr'>vobis</span> <span class='ocrx_word' id='word_1_159' title='bbox 1004 2187 1261 2268; x_wconf 85' lang='lat' dir='ltr'>exigere</span> <span class='ocrx_word' id='word_1_160' title='bbox 1318 2185 1420 2250; x_wconf 87' lang='lat' dir='ltr'>vel</span> <span class='ocrx_word' id='word_1_161' title='bbox 1476 2191 1860 2266; x_wconf 89' lang='lat' dir='ltr'>extorquere</span> <span class='ocrx_word' id='word_1_162' title='bbox 1924 2191 2276 2267; x_wconf 88' lang='lat' dir='ltr'>presumat.</span> <span class='ocrx_word' id='word_1_163' title='bbox 2370 2184 2729 2249; x_wconf 86' lang='lat' dir='ltr'>Statuimus</span> <span class='ocrx_word' id='word_1_164' title='bbox 2796 2185 3019 2266; x_wconf 90' lang='lat' dir='ltr'>etiam,</span> 
     </span>
     <span class='ocr_line' id='line_1_20' title="bbox 465 2290 3021 2377; baseline -0.002 -17"><span class='ocrx_word' id='word_1_165' title='bbox 465 2301 542 2360; x_wconf 93' lang='lat' dir='ltr'>ut</span> <span class='ocrx_word' id='word_1_166' title='bbox 563 2294 725 2359; x_wconf 93' lang='lat' dir='ltr'>nulli</span> <span class='ocrx_word' id='word_1_167' title='bbox 745 2295 1046 2377; x_wconf 91' lang='lat' dir='ltr'>episcopo</span> <span class='ocrx_word' id='word_1_168' title='bbox 1077 2294 1144 2357; x_wconf 93' lang='lat' dir='ltr'>in</span> <span class='ocrx_word' id='word_1_169' title='bbox 1177 2291 1464 2375; x_wconf 87' lang='lat' dir='ltr'>ecclesijs</span> <span class='ocrx_word' id='word_1_170' title='bbox 1484 2292 1667 2357; x_wconf 86' lang='lat' dir='ltr'>vobis</span> <span class='ocrx_word' id='word_1_171' title='bbox 1700 2291 2007 2355; x_wconf 90' lang='lat' dir='ltr'>subiectis</span> <span class='ocrx_word' id='word_1_172' title='bbox 2034 2291 2364 2356; x_wconf 89' lang='lat' dir='ltr'>interdicti</span> <span class='ocrx_word' id='word_1_173' title='bbox 2384 2290 2485 2356; x_wconf 85' lang='lat' dir='ltr'>vel</span> <span class='ocrx_word' id='word_1_174' title='bbox 2505 2292 3021 2357; x_wconf 89' lang='lat' dir='ltr'>excommunica-</span> 
     </span>
    </p>
   </div>
   <div class='ocr_carea' id='block_1_4' title="bbox 369 2397 3022 2482">
    <p class='ocr_par' dir='ltr' id='par_1_4' title="bbox 369 2397 3022 2482">
     <span class='ocr_line' id='line_1_21' title="bbox 369 2397 3022 2482; baseline -0.002 -16"><span class='ocrx_word' id='word_1_175' title='bbox 369 2436 378 2437; x_wconf 32' lang='lat'><em>*</em></span> <span class='ocrx_word' id='word_1_176' title='bbox 467 2402 663 2466; x_wconf 92' lang='lat' dir='ltr'>tionis</span> <span class='ocrx_word' id='word_1_177' title='bbox 711 2401 1102 2466; x_wconf 88' lang='lat' dir='ltr'>sententiam</span> <span class='ocrx_word' id='word_1_178' title='bbox 1147 2399 1345 2464; x_wconf 89' lang='lat' dir='ltr'>liceat</span> <span class='ocrx_word' id='word_1_179' title='bbox 1387 2399 1816 2482; x_wconf 87' lang='lat' dir='ltr'>promulgare.</span> <span class='ocrx_word' id='word_1_180' title='bbox 1910 2397 2420 2481; x_wconf 90' lang='lat' dir='ltr'>Verumptamen</span> <span class='ocrx_word' id='word_1_181' title='bbox 2467 2399 2523 2462; x_wconf 91' lang='lat' dir='ltr'>si</span> <span class='ocrx_word' id='word_1_182' title='bbox 2569 2399 2637 2461; x_wconf 92' lang='lat' dir='ltr'>in</span> <span class='ocrx_word' id='word_1_183' title='bbox 2681 2398 2840 2463; x_wconf 90' lang='lat' dir='ltr'>locis</span> <span class='ocrx_word' id='word_1_184' title='bbox 2885 2398 3022 2462; x_wconf 89' lang='lat' dir='ltr'>illis</span> 
     </span>
    </p>
   </div>
   <div class='ocr_carea' id='block_1_5' title="bbox 466 2505 3025 4725">
    <p class='ocr_par' dir='ltr' id='par_1_5' title="bbox 466 2505 3025 4725">
     <span class='ocr_line' id='line_1_22' title="bbox 466 2505 3025 2590; baseline -0.001 -17"><span class='ocrx_word' id='word_1_185' title='bbox 466 2508 881 2573; x_wconf 88' lang='lat' dir='ltr'>interdictum</span> <span class='ocrx_word' id='word_1_186' title='bbox 913 2507 1111 2572; x_wconf 87' lang='lat' dir='ltr'>fuerit</span> <span class='ocrx_word' id='word_1_187' title='bbox 1140 2506 1441 2589; x_wconf 88' lang='lat' dir='ltr'>generale</span> <span class='ocrx_word' id='word_1_188' title='bbox 1471 2505 1970 2590; x_wconf 85' lang='lat' dir='ltr'>promulgatum,</span> <span class='ocrx_word' id='word_1_189' title='bbox 2019 2505 2296 2569; x_wconf 85' lang='lat' dir='ltr'>exclusis</span> <span class='ocrx_word' id='word_1_190' title='bbox 2338 2506 2905 2570; x_wconf 86' lang='lat' dir='ltr'>excommunicatis</span> <span class='ocrx_word' id='word_1_191' title='bbox 2953 2510 3025 2570; x_wconf 95' lang='lat' dir='ltr'>et</span> 
     </span>
     <span class='ocr_line' id='line_1_23' title="bbox 466 2610 3021 2697; baseline -0 -19"><span class='ocrx_word' id='word_1_192' title='bbox 466 2615 851 2697; x_wconf 88' lang='lat' dir='ltr'>interdictis,</span> <span class='ocrx_word' id='word_1_193' title='bbox 900 2614 1147 2695; x_wconf 89' lang='lat' dir='ltr'>absque</span> <span class='ocrx_word' id='word_1_194' title='bbox 1181 2614 1510 2695; x_wconf 87' lang='lat' dir='ltr'>signorum</span> <span class='ocrx_word' id='word_1_195' title='bbox 1540 2613 1907 2696; x_wconf 91' lang='lat' dir='ltr'>pulsatione</span> <span class='ocrx_word' id='word_1_196' title='bbox 1938 2612 2128 2696; x_wconf 92' lang='lat' dir='ltr'>plene</span> <span class='ocrx_word' id='word_1_197' title='bbox 2162 2611 2379 2676; x_wconf 83' lang='lat' dir='ltr'>divina</span> <span class='ocrx_word' id='word_1_198' title='bbox 2409 2610 2623 2677; x_wconf 87' lang='lat' dir='ltr'>officia</span> <span class='ocrx_word' id='word_1_199' title='bbox 2655 2612 3021 2695; x_wconf 77' lang='lat' dir='ltr'>celebretiS,</span> 
     </span>
     <span class='ocr_line' id='line_1_24' title="bbox 470 2718 3025 2802; baseline -0.001 -15"><span class='ocrx_word' id='word_1_200' title='bbox 470 2722 814 2786; x_wconf 91' lang='lat' dir='ltr'>dummodo</span> <span class='ocrx_word' id='word_1_201' title='bbox 849 2742 1113 2785; x_wconf 91' lang='lat' dir='ltr'>causam</span> <span class='ocrx_word' id='word_1_202' title='bbox 1145 2742 1274 2784; x_wconf 94' lang='lat' dir='ltr'>non</span> <span class='ocrx_word' id='word_1_203' title='bbox 1307 2720 1615 2784; x_wconf 89' lang='lat' dir='ltr'>dederitis</span> <span class='ocrx_word' id='word_1_204' title='bbox 1648 2718 2012 2783; x_wconf 79' lang='lat' dir='ltr'>interdicto,</span> <span class='ocrx_word' id='word_1_205' title='bbox 2062 2718 2154 2784; x_wconf 89' lang='lat' dir='ltr'>Ut</span> <span class='ocrx_word' id='word_1_206' title='bbox 2186 2724 2402 2783; x_wconf 90' lang='lat' dir='ltr'>autem</span> <span class='ocrx_word' id='word_1_207' title='bbox 2435 2719 2518 2782; x_wconf 90' lang='lat' dir='ltr'>ad</span> <span class='ocrx_word' id='word_1_208' title='bbox 2547 2719 3025 2802; x_wconf 84' lang='lat' dir='ltr'>plenitudinem</span> 
     </span>
     <span class='ocr_line' id='line_1_25' title="bbox 469 2826 3024 2909; baseline -0 -17"><span class='ocrx_word' id='word_1_209' title='bbox 469 2828 700 2893; x_wconf 90' lang='lat' dir='ltr'>salutis</span> <span class='ocrx_word' id='word_1_210' title='bbox 734 2834 800 2893; x_wconf 93' lang='lat' dir='ltr'>et</span> <span class='ocrx_word' id='word_1_211' title='bbox 830 2849 1053 2892; x_wconf 89' lang='lat' dir='ltr'>curam</span> <span class='ocrx_word' id='word_1_212' title='bbox 1085 2828 1448 2891; x_wconf 84' lang='lat' dir='ltr'>animarum</span> <span class='ocrx_word' id='word_1_213' title='bbox 1479 2826 1679 2891; x_wconf 92' lang='lat' dir='ltr'>nichil</span> <span class='ocrx_word' id='word_1_214' title='bbox 1719 2827 1976 2909; x_wconf 92' lang='lat' dir='ltr'>penitus</span> <span class='ocrx_word' id='word_1_215' title='bbox 2009 2826 2190 2890; x_wconf 84' lang='lat' dir='ltr'>vobis</span> <span class='ocrx_word' id='word_1_216' title='bbox 2223 2826 2411 2908; x_wconf 88' lang='lat' dir='ltr'>desit,</span> <span class='ocrx_word' id='word_1_217' title='bbox 2461 2826 2575 2890; x_wconf 89' lang='lat' dir='ltr'>sed</span> <span class='ocrx_word' id='word_1_218' title='bbox 2622 2827 3024 2892; x_wconf 91' lang='lat' dir='ltr'>commodius</span> 
     </span>
     <span class='ocr_line' id='line_1_26' title="bbox 467 2932 3023 3016; baseline -0 -16"><span class='ocrx_word' id='word_1_219' title='bbox 467 2935 649 3000; x_wconf 82' lang='lat' dir='ltr'>vobis</span> <span class='ocrx_word' id='word_1_220' title='bbox 706 2934 925 2999; x_wconf 86' lang='lat' dir='ltr'>divina</span> <span class='ocrx_word' id='word_1_221' title='bbox 981 2933 1387 2999; x_wconf 87' lang='lat' dir='ltr'>celebrentur</span> <span class='ocrx_word' id='word_1_222' title='bbox 1443 2932 1660 2998; x_wconf 88' lang='lat' dir='ltr'>officia</span> <span class='ocrx_word' id='word_1_223' title='bbox 1706 2938 1773 2997; x_wconf 91' lang='lat' dir='ltr'>et</span> <span class='ocrx_word' id='word_1_224' title='bbox 1827 2932 2254 2997; x_wconf 89' lang='lat' dir='ltr'>exhibeantur</span> <span class='ocrx_word' id='word_1_225' title='bbox 2297 2935 2768 3016; x_wconf 92' lang='lat' dir='ltr'>competentius</span> <span class='ocrx_word' id='word_1_226' title='bbox 2817 2935 3023 2999; x_wconf 90' lang='lat' dir='ltr'>eccle-</span> 
     </span>
     <span class='ocr_line' id='line_1_27' title="bbox 469 3038 3021 3123; baseline 0 -18"><span class='ocrx_word' id='word_1_227' title='bbox 469 3042 736 3106; x_wconf 90' lang='lat' dir='ltr'>siastica</span> <span class='ocrx_word' id='word_1_228' title='bbox 785 3047 1211 3122; x_wconf 90' lang='lat' dir='ltr'>sacramenta,</span> <span class='ocrx_word' id='word_1_229' title='bbox 1262 3042 1608 3121; x_wconf 89' lang='lat' dir='ltr'>sancimus,</span> <span class='ocrx_word' id='word_1_230' title='bbox 1658 3045 1734 3104; x_wconf 93' lang='lat' dir='ltr'>ut</span> <span class='ocrx_word' id='word_1_231' title='bbox 1770 3038 1966 3103; x_wconf 92' lang='lat' dir='ltr'>liceat</span> <span class='ocrx_word' id='word_1_232' title='bbox 1994 3039 2175 3104; x_wconf 86' lang='lat' dir='ltr'>vobis</span> <span class='ocrx_word' id='word_1_233' title='bbox 2209 3039 2476 3104; x_wconf 91' lang='lat' dir='ltr'>clericos</span> <span class='ocrx_word' id='word_1_234' title='bbox 2516 3045 2582 3104; x_wconf 92' lang='lat' dir='ltr'>et</span> <span class='ocrx_word' id='word_1_235' title='bbox 2626 3041 3021 3123; x_wconf 89' lang='lat' dir='ltr'>sacerdotes,</span> 
     </span>
     <span class='ocr_line' id='line_1_28' title="bbox 467 3146 3021 3231; baseline 0 -19"><span class='ocrx_word' id='word_1_236' title='bbox 467 3149 693 3214; x_wconf 92' lang='lat' dir='ltr'>habito</span> <span class='ocrx_word' id='word_1_237' title='bbox 741 3154 959 3212; x_wconf 89' lang='lat' dir='ltr'>tamen</span> <span class='ocrx_word' id='word_1_238' title='bbox 1006 3149 1185 3231; x_wconf 88' lang='lat' dir='ltr'>prius</span> <span class='ocrx_word' id='word_1_239' title='bbox 1234 3148 1313 3211; x_wconf 91' lang='lat' dir='ltr'>de</span> <span class='ocrx_word' id='word_1_240' title='bbox 1360 3148 1700 3212; x_wconf 88' lang='lat' dir='ltr'>honestate</span> <span class='ocrx_word' id='word_1_241' title='bbox 1746 3148 2035 3229; x_wconf 90' lang='lat' dir='ltr'>ipsorum</span> <span class='ocrx_word' id='word_1_242' title='bbox 2083 3152 2149 3210; x_wconf 91' lang='lat' dir='ltr'>et</span> <span class='ocrx_word' id='word_1_243' title='bbox 2193 3146 2637 3229; x_wconf 90' lang='lat' dir='ltr'>ordinacione,</span> <span class='ocrx_word' id='word_1_244' title='bbox 2701 3155 3021 3230; x_wconf 89' lang='lat' dir='ltr'>quantum</span> 
     </span>
     <span class='ocr_line' id='line_1_29' title="bbox 469 3253 3023 3337; baseline 0 -18"><span class='ocrx_word' id='word_1_245' title='bbox 469 3256 552 3320; x_wconf 93' lang='lat' dir='ltr'>ad</span> <span class='ocrx_word' id='word_1_246' title='bbox 599 3260 882 3319; x_wconf 87' lang='lat' dir='ltr'>vestram</span> <span class='ocrx_word' id='word_1_247' title='bbox 930 3256 1267 3319; x_wconf 90' lang='lat' dir='ltr'>scientiam</span> <span class='ocrx_word' id='word_1_248' title='bbox 1316 3256 1628 3337; x_wconf 88' lang='lat' dir='ltr'>pertinet,</span> <span class='ocrx_word' id='word_1_249' title='bbox 1690 3274 1807 3336; x_wconf 89' lang='lat' dir='ltr'>per</span> <span class='ocrx_word' id='word_1_250' title='bbox 1864 3253 2117 3318; x_wconf 90' lang='lat' dir='ltr'>litteras</span> <span class='ocrx_word' id='word_1_251' title='bbox 2175 3254 2308 3317; x_wconf 87' lang='lat' dir='ltr'>sive</span> <span class='ocrx_word' id='word_1_252' title='bbox 2363 3258 2564 3318; x_wconf 89' lang='lat' dir='ltr'>testes</span> <span class='ocrx_word' id='word_1_253' title='bbox 2613 3255 3023 3319; x_wconf 83' lang='lat' dir='ltr'>convenienti</span> 
     </span>
     <span class='ocr_line' id='line_1_30' title="bbox 468 3360 3023 3444; baseline -0.001 -17"><span class='ocrx_word' id='word_1_254' title='bbox 468 3362 871 3443; x_wconf 81' lang='lat' dir='ltr'>testimoniO,</span> <span class='ocrx_word' id='word_1_255' title='bbox 937 3362 1365 3444; x_wconf 91' lang='lat' dir='ltr'>undecunque</span> <span class='ocrx_word' id='word_1_256' title='bbox 1431 3362 1762 3425; x_wconf 85' lang='lat' dir='ltr'>venientes</span> <span class='ocrx_word' id='word_1_257' title='bbox 1827 3360 1911 3424; x_wconf 91' lang='lat' dir='ltr'>ad</span> <span class='ocrx_word' id='word_1_258' title='bbox 1974 3380 2093 3424; x_wconf 81' lang='lat' dir='ltr'>vos</span> <span class='ocrx_word' id='word_1_259' title='bbox 2160 3361 2486 3442; x_wconf 89' lang='lat' dir='ltr'>suscipere</span> <span class='ocrx_word' id='word_1_260' title='bbox 2552 3381 2629 3424; x_wconf 89' lang='lat' dir='ltr'>ac</span> <span class='ocrx_word' id='word_1_261' title='bbox 2689 3361 3023 3425; x_wconf 88' lang='lat' dir='ltr'>vobiscum</span> 
     </span>
     <span class='ocr_line' id='line_1_31' title="bbox 468 3466 3021 3552; baseline -0 -19"><span class='ocrx_word' id='word_1_262' title='bbox 468 3475 605 3533; x_wconf 89' lang='lat' dir='ltr'>tam</span> <span class='ocrx_word' id='word_1_263' title='bbox 651 3469 719 3532; x_wconf 94' lang='lat' dir='ltr'>in</span> <span class='ocrx_word' id='word_1_264' title='bbox 763 3468 1106 3552; x_wconf 89' lang='lat' dir='ltr'>principali</span> <span class='ocrx_word' id='word_1_265' title='bbox 1153 3468 1343 3533; x_wconf 92' lang='lat' dir='ltr'>domo</span> <span class='ocrx_word' id='word_1_266' title='bbox 1389 3473 1606 3532; x_wconf 86' lang='lat' dir='ltr'>vestra</span> <span class='ocrx_word' id='word_1_267' title='bbox 1654 3488 1850 3548; x_wconf 89' lang='lat' dir='ltr'>quam</span> <span class='ocrx_word' id='word_1_268' title='bbox 1897 3469 1964 3529; x_wconf 92' lang='lat' dir='ltr'>in</span> <span class='ocrx_word' id='word_1_269' title='bbox 2011 3466 2398 3550; x_wconf 87' lang='lat' dir='ltr'>obedientijs</span> <span class='ocrx_word' id='word_1_270' title='bbox 2448 3473 2514 3531; x_wconf 91' lang='lat' dir='ltr'>et</span> <span class='ocrx_word' id='word_1_271' title='bbox 2549 3467 2709 3531; x_wconf 91' lang='lat' dir='ltr'>locis</span> <span class='ocrx_word' id='word_1_272' title='bbox 2743 3469 2834 3532; x_wconf 90' lang='lat' dir='ltr'>eis</span> <span class='ocrx_word' id='word_1_273' title='bbox 2869 3467 3021 3533; x_wconf 89' lang='lat' dir='ltr'>sub-</span> 
     </span>
     <span class='ocr_line' id='line_1_32' title="bbox 468 3574 3022 3658; baseline -0.001 -19"><span class='ocrx_word' id='word_1_274' title='bbox 468 3575 621 3639; x_wconf 91' lang='lat' dir='ltr'>ditis</span> <span class='ocrx_word' id='word_1_275' title='bbox 668 3575 968 3656; x_wconf 88' lang='lat' dir='ltr'>retinere,</span> <span class='ocrx_word' id='word_1_276' title='bbox 1018 3574 1383 3657; x_wconf 89' lang='lat' dir='ltr'>dummodo,</span> <span class='ocrx_word' id='word_1_277' title='bbox 1434 3576 1490 3638; x_wconf 91' lang='lat' dir='ltr'>si</span> <span class='ocrx_word' id='word_1_278' title='bbox 1522 3596 1556 3638; x_wconf 96' lang='lat' dir='ltr'>e</span> <span class='ocrx_word' id='word_1_279' title='bbox 1586 3574 1797 3638; x_wconf 85' lang='lat' dir='ltr'>vicino</span> <span class='ocrx_word' id='word_1_280' title='bbox 1845 3575 1994 3655; x_wconf 90' lang='lat' dir='ltr'>sint,</span> <span class='ocrx_word' id='word_1_281' title='bbox 2035 3594 2144 3638; x_wconf 92' lang='lat' dir='ltr'>eos</span> <span class='ocrx_word' id='word_1_282' title='bbox 2177 3595 2218 3637; x_wconf 90' lang='lat' dir='ltr'>a</span> <span class='ocrx_word' id='word_1_283' title='bbox 2248 3575 2528 3657; x_wconf 89' lang='lat' dir='ltr'>proprijs</span> <span class='ocrx_word' id='word_1_284' title='bbox 2562 3575 2880 3658; x_wconf 89' lang='lat' dir='ltr'>episcopis</span> <span class='ocrx_word' id='word_1_285' title='bbox 2913 3596 3022 3640; x_wconf 89' lang='lat' dir='ltr'>ex-</span> 
     </span>
     <span class='ocr_line' id='line_1_33' title="bbox 466 3679 3018 3765; baseline -0.001 -18"><span class='ocrx_word' id='word_1_286' title='bbox 466 3682 706 3765; x_wconf 90' lang='lat' dir='ltr'>petatis</span> <span class='ocrx_word' id='word_1_287' title='bbox 762 3681 1087 3764; x_wconf 89' lang='lat' dir='ltr'>ijdemque</span> <span class='ocrx_word' id='word_1_288' title='bbox 1132 3681 1295 3745; x_wconf 93' lang='lat' dir='ltr'>nulli</span> <span class='ocrx_word' id='word_1_289' title='bbox 1342 3681 1449 3764; x_wconf 87' lang='lat' dir='ltr'>alij</span> <span class='ocrx_word' id='word_1_290' title='bbox 1500 3680 1886 3764; x_wconf 89' lang='lat' dir='ltr'>professioni</span> <span class='ocrx_word' id='word_1_291' title='bbox 1932 3679 2034 3746; x_wconf 86' lang='lat' dir='ltr'>vel</span> <span class='ocrx_word' id='word_1_292' title='bbox 2080 3680 2289 3745; x_wconf 92' lang='lat' dir='ltr'>ordini</span> <span class='ocrx_word' id='word_1_293' title='bbox 2336 3680 2592 3764; x_wconf 88' lang='lat' dir='ltr'>obnoxij</span> <span class='ocrx_word' id='word_1_294' title='bbox 2647 3687 3018 3746; x_wconf 88' lang='lat' dir='ltr'>teneantur.</span> 
     </span>
     <span class='ocr_line' id='line_1_34' title="bbox 470 3786 3021 3872; baseline 0 -19"><span class='ocrx_word' id='word_1_295' title='bbox 470 3788 718 3871; x_wconf 79' lang='lat' dir='ltr'>Quodsi</span> <span class='ocrx_word' id='word_1_296' title='bbox 763 3788 1044 3872; x_wconf 89' lang='lat' dir='ltr'>episcopi</span> <span class='ocrx_word' id='word_1_297' title='bbox 1095 3788 1355 3852; x_wconf 92' lang='lat' dir='ltr'>eosdem</span> <span class='ocrx_word' id='word_1_298' title='bbox 1387 3787 1568 3852; x_wconf 84' lang='lat' dir='ltr'>vobis</span> <span class='ocrx_word' id='word_1_299' title='bbox 1603 3788 1955 3852; x_wconf 89' lang='lat' dir='ltr'>concedere</span> <span class='ocrx_word' id='word_1_300' title='bbox 1986 3786 2152 3852; x_wconf 90' lang='lat' dir='ltr'>forte</span> <span class='ocrx_word' id='word_1_301' title='bbox 2182 3788 2529 3869; x_wconf 89' lang='lat' dir='ltr'>noluerint,</span> <span class='ocrx_word' id='word_1_302' title='bbox 2564 3787 3021 3853; x_wconf 90' lang='lat' dir='ltr'>nichilominus</span> 
     </span>
     <span class='ocr_line' id='line_1_35' title="bbox 467 3893 3021 3977; baseline -0 -17"><span class='ocrx_word' id='word_1_303' title='bbox 467 3901 687 3960; x_wconf 90' lang='lat' dir='ltr'>tamen</span> <span class='ocrx_word' id='word_1_304' title='bbox 734 3897 1120 3959; x_wconf 90' lang='lat' dir='ltr'>auctoritate</span> <span class='ocrx_word' id='word_1_305' title='bbox 1169 3900 1388 3958; x_wconf 91' lang='lat' dir='ltr'>sancte</span> <span class='ocrx_word' id='word_1_306' title='bbox 1434 3894 1727 3959; x_wconf 86' lang='lat' dir='ltr'>Romane</span> <span class='ocrx_word' id='word_1_307' title='bbox 1775 3894 2043 3958; x_wconf 90' lang='lat' dir='ltr'>ecclesie</span> <span class='ocrx_word' id='word_1_308' title='bbox 2091 3893 2483 3977; x_wconf 88' lang='lat' dir='ltr'>suscipiendi</span> <span class='ocrx_word' id='word_1_309' title='bbox 2525 3915 2634 3959; x_wconf 90' lang='lat' dir='ltr'>eos</span> <span class='ocrx_word' id='word_1_310' title='bbox 2675 3895 2743 3958; x_wconf 92' lang='lat' dir='ltr'>in</span> <span class='ocrx_word' id='word_1_311' title='bbox 2783 3894 3021 3960; x_wconf 85' lang='lat' dir='ltr'>fratres</span> 
     </span>
     <span class='ocr_line' id='line_1_36' title="bbox 469 4000 3021 4085; baseline 0 -18"><span class='ocrx_word' id='word_1_312' title='bbox 469 4008 536 4067; x_wconf 86' lang='lat' dir='ltr'>et</span> <span class='ocrx_word' id='word_1_313' title='bbox 579 4002 902 4067; x_wconf 91' lang='lat' dir='ltr'>retinendi</span> <span class='ocrx_word' id='word_1_314' title='bbox 946 4002 1278 4066; x_wconf 90' lang='lat' dir='ltr'>licentiam</span> <span class='ocrx_word' id='word_1_315' title='bbox 1322 4001 1643 4082; x_wconf 78' lang='lat' dir='ltr'>habeatiS,</span> <span class='ocrx_word' id='word_1_316' title='bbox 1692 4001 1734 4083; x_wconf 90' lang='lat' dir='ltr'>ij</span> <span class='ocrx_word' id='word_1_317' title='bbox 1745 4000 1888 4065; x_wconf 89' lang='lat' dir='ltr'>dem</span> <span class='ocrx_word' id='word_1_318' title='bbox 1934 4022 2085 4065; x_wconf 85' lang='lat' dir='ltr'>vero</span> <span class='ocrx_word' id='word_1_319' title='bbox 2133 4000 2348 4065; x_wconf 92' lang='lat' dir='ltr'>clerici</span> <span class='ocrx_word' id='word_1_320' title='bbox 2395 4001 2557 4065; x_wconf 83' lang='lat' dir='ltr'>nulli</span> <span class='ocrx_word' id='word_1_321' title='bbox 2603 4002 2712 4085; x_wconf 87' lang='lat' dir='ltr'>alij</span> <span class='ocrx_word' id='word_1_322' title='bbox 2746 4023 3021 4085; x_wconf 90' lang='lat' dir='ltr'>persone</span> 
     </span>
     <span class='ocr_line' id='line_1_37' title="bbox 469 4106 3020 4193; baseline 0 -20"><span class='ocrx_word' id='word_1_323' title='bbox 469 4115 654 4174; x_wconf 89' lang='lat' dir='ltr'>extra</span> <span class='ocrx_word' id='word_1_324' title='bbox 698 4114 985 4173; x_wconf 83' lang='lat' dir='ltr'>vestrum</span> <span class='ocrx_word' id='word_1_325' title='bbox 1019 4108 1372 4191; x_wconf 90' lang='lat' dir='ltr'>capitulum</span> <span class='ocrx_word' id='word_1_326' title='bbox 1417 4108 1544 4171; x_wconf 91' lang='lat' dir='ltr'>nisi</span> <span class='ocrx_word' id='word_1_327' title='bbox 1574 4107 1870 4173; x_wconf 89' lang='lat' dir='ltr'>Romano</span> <span class='ocrx_word' id='word_1_328' title='bbox 1904 4106 2194 4190; x_wconf 88' lang='lat' dir='ltr'>pontifici</span> <span class='ocrx_word' id='word_1_329' title='bbox 2236 4109 2367 4193; x_wconf 90' lang='lat' dir='ltr'>sint</span> <span class='ocrx_word' id='word_1_330' title='bbox 2404 4108 2701 4191; x_wconf 88' lang='lat' dir='ltr'>subjecti.</span> <span class='ocrx_word' id='word_1_331' title='bbox 2766 4107 3020 4192; x_wconf 87' lang='lat' dir='ltr'>Laycos</span> 
     </span>
     <span class='ocr_line' id='line_1_38' title="bbox 469 4213 3022 4298; baseline 0 -19"><span class='ocrx_word' id='word_1_332' title='bbox 469 4236 746 4298; x_wconf 90' lang='lat' dir='ltr'>quoque,</span> <span class='ocrx_word' id='word_1_333' title='bbox 793 4213 1032 4279; x_wconf 92' lang='lat' dir='ltr'>liberos</span> <span class='ocrx_word' id='word_1_334' title='bbox 1081 4220 1147 4279; x_wconf 92' lang='lat' dir='ltr'>et</span> <span class='ocrx_word' id='word_1_335' title='bbox 1192 4213 1552 4296; x_wconf 80' lang='lat' dir='ltr'>absolutOS,</span> <span class='ocrx_word' id='word_1_336' title='bbox 1602 4213 1688 4278; x_wconf 90' lang='lat' dir='ltr'>ad</span> <span class='ocrx_word' id='word_1_337' title='bbox 1735 4215 2216 4279; x_wconf 85' lang='lat' dir='ltr'>conversionem</span> <span class='ocrx_word' id='word_1_338' title='bbox 2263 4220 2329 4278; x_wconf 91' lang='lat' dir='ltr'>et</span> <span class='ocrx_word' id='word_1_339' title='bbox 2373 4236 2730 4298; x_wconf 90' lang='lat' dir='ltr'>pauperum</span> <span class='ocrx_word' id='word_1_340' title='bbox 2779 4214 3022 4280; x_wconf 85' lang='lat' dir='ltr'>Christi</span> 
     </span>
     <span class='ocr_line' id='line_1_39' title="bbox 469 4319 3018 4405; baseline -0 -19"><span class='ocrx_word' id='word_1_341' title='bbox 469 4323 802 4386; x_wconf 88' lang='lat' dir='ltr'>servitium</span> <span class='ocrx_word' id='word_1_342' title='bbox 834 4321 1080 4404; x_wconf 90' lang='lat' dir='ltr'>absque</span> <span class='ocrx_word' id='word_1_343' title='bbox 1101 4321 1374 4386; x_wconf 91' lang='lat' dir='ltr'>alicuius</span> <span class='ocrx_word' id='word_1_344' title='bbox 1397 4319 1906 4386; x_wconf 89' lang='lat' dir='ltr'>contradictione</span> <span class='ocrx_word' id='word_1_345' title='bbox 1930 4321 2323 4405; x_wconf 91' lang='lat' dir='ltr'>suscipiendi</span> <span class='ocrx_word' id='word_1_346' title='bbox 2355 4320 2809 4386; x_wconf 90' lang='lat' dir='ltr'>nichilominus</span> <span class='ocrx_word' id='word_1_347' title='bbox 2836 4321 3018 4388; x_wconf 84' lang='lat' dir='ltr'>vobis</span> 
     </span>
     <span class='ocr_line' id='line_1_40' title="bbox 469 4427 3018 4512; baseline 0 -20"><span class='ocrx_word' id='word_1_348' title='bbox 469 4429 879 4494; x_wconf 87' lang='lat' dir='ltr'>concedimus</span> <span class='ocrx_word' id='word_1_349' title='bbox 925 4427 1319 4492; x_wconf 83' lang='lat' dir='ltr'>facultatem.</span> <span class='ocrx_word' id='word_1_350' title='bbox 1407 4428 1752 4492; x_wconf 79' lang='lat' dir='ltr'>Fratribus</span> <span class='ocrx_word' id='word_1_351' title='bbox 1799 4449 1949 4493; x_wconf 87' lang='lat' dir='ltr'>vero</span> <span class='ocrx_word' id='word_1_352' title='bbox 1996 4429 2230 4493; x_wconf 90' lang='lat' dir='ltr'>vestris</span> <span class='ocrx_word' id='word_1_353' title='bbox 2280 4427 2480 4493; x_wconf 91' lang='lat' dir='ltr'>semel</span> <span class='ocrx_word' id='word_1_354' title='bbox 2525 4428 2773 4494; x_wconf 86' lang='lat' dir='ltr'>devotis</span> <span class='ocrx_word' id='word_1_355' title='bbox 2821 4435 3018 4512; x_wconf 89' lang='lat' dir='ltr'>atque</span> 
     </span>
     <span class='ocr_line' id='line_1_41' title="bbox 466 4533 3016 4618; baseline 0.001 -20"><span class='ocrx_word' id='word_1_356' title='bbox 466 4535 535 4598; x_wconf 93' lang='lat' dir='ltr'>in</span> <span class='ocrx_word' id='word_1_357' title='bbox 582 4556 769 4599; x_wconf 91' lang='lat' dir='ltr'>sacro</span> <span class='ocrx_word' id='word_1_358' title='bbox 817 4535 1085 4617; x_wconf 83' lang='lat' dir='ltr'>collegio</span> <span class='ocrx_word' id='word_1_359' title='bbox 1131 4536 1408 4618; x_wconf 88' lang='lat' dir='ltr'>receptis</span> <span class='ocrx_word' id='word_1_360' title='bbox 1455 4540 1602 4618; x_wconf 88' lang='lat' dir='ltr'>post</span> <span class='ocrx_word' id='word_1_361' title='bbox 1650 4533 2112 4617; x_wconf 87' lang='lat' dir='ltr'>professionem</span> <span class='ocrx_word' id='word_1_362' title='bbox 2162 4533 2403 4599; x_wconf 89' lang='lat' dir='ltr'>factam</span> <span class='ocrx_word' id='word_1_363' title='bbox 2450 4540 2517 4599; x_wconf 94' lang='lat' dir='ltr'>et</span> <span class='ocrx_word' id='word_1_364' title='bbox 2545 4534 2841 4600; x_wconf 86' lang='lat' dir='ltr'>habitum</span> <span class='ocrx_word' id='word_1_365' title='bbox 2872 4536 3016 4600; x_wconf 91' lang='lat' dir='ltr'>reli-</span> 
     </span>
     <span class='ocr_line' id='line_1_42' title="bbox 468 4641 3012 4725; baseline 0.002 -22"><span class='ocrx_word' id='word_1_366' title='bbox 468 4642 676 4721; x_wconf 83' lang='lat' dir='ltr'>gionis</span> <span class='ocrx_word' id='word_1_367' title='bbox 741 4648 1144 4725; x_wconf 88' lang='lat' dir='ltr'>assumptum</span> <span class='ocrx_word' id='word_1_368' title='bbox 1201 4642 1564 4705; x_wconf 85' lang='lat' dir='ltr'>revertendi</span> <span class='ocrx_word' id='word_1_369' title='bbox 1635 4641 1717 4704; x_wconf 88' lang='lat' dir='ltr'>ad</span> <span class='ocrx_word' id='word_1_370' title='bbox 1777 4642 2062 4705; x_wconf 89' lang='lat' dir='ltr'>seculum</span> <span class='ocrx_word' id='word_1_371' title='bbox 2119 4641 2564 4706; x_wconf 86' lang='lat' dir='ltr'>interdicimus</span> <span class='ocrx_word' id='word_1_372' title='bbox 2620 4641 3012 4723; x_wconf 87' lang='lat' dir='ltr'>facultatem,</span> 
     </span>
    </p>
   </div>
  </div>
 </body>
</html>
