3242 5184
168 3978 287 4033 Pol.
330 3984 446 4033 70⁸.

1462 310 1549 317 --
1648 271 1769 332 134
1864 309 1950 314 --

751 448 864 513 Ad
909 449 1128 514 idem.

660 593 800 657 Has
856 597 1074 656 autem
1130 612 1353 658 omnes
1408 589 2101 655 excommunicationes
2157 588 2527 653 nullatenus
2589 588 2884 654 volumus
2917 607 3037 652 ‘re-

484 701 692 764 laxari
737 700 863 763 11181
910 718 1027 782 per
1071 719 1187 763 nos
1242 696 1345 761 vel
1397 696 1925 779 penitentiarium
1979 701 2300 777 nostrum,
2348 696 2453 760 cui
2498 696 2620 760 hoc
2666 695 3040 760 duxerimus

485 805 1012 872 committendum
1034 854 1050 886 ,
1107 810 1521 888 preterquam
1584 804 1654 867 in
1717 803 1941 869 mortis
2005 801 2307 882 articu10,
2372 802 2440 865 in
2497 823 2625 884 quo
2670 821 2786 885 per
2840 802 3043 866 alium

483 914 691 996 possit
751 934 984 976 munus
1050 910 1476 976 absolutionis
1548 909 1863 992 impendi,
1949 910 2045 974 ita
2098 908 2271 992 quod
2324 908 2564 991 ligatus
2611 908 2922 992 disponat
2965 908 3043 974 de

485 1019 877 1085 absolventis
926 1018 1214 1099 consilio,
1264 1017 1545 1100 qualiter
1591 1017 1675 1081 ad
1730 1038 1847 1081 nos
1894 1017 1995 1081 vel
2042 1017 2124 1081 ad
2170 1016 2719 1099 penitentiarium,
2767 1017 2875 1081 cui
2923 1014 3044 1080 hoc

484 1126 899 1192 commissum
943 1124 1158 1207 fuerit,
1209 1125 1348 1189 81110
1394 1146 1576 1190 mora
1620 1124 1974 1207 perveniat,
2024 1124 2127 1188 cui
2173 1145 2290 1207 pro
2336 1123 2595 1206 negotio
2644 1145 2759 1189 8110
2792 1122 3043 1206 aliquid

484 1232 753 1314 dederit,
802 1232 958 1315 quid
1005 1238 1072 1297 et
1115 1237 1450 1315 quantum.

749 1427 865 1494 Ad
900 1428 1118 1495 idem.

661 1572 908 1637 Penam
955 1578 1174 1636 autem
1219 1572 1752 1636 constitutionum
1784 1577 2152 1636 nostrarum
2184 1570 2552 1635 nullatenus
2590 1570 2888 1651 evitabit,
2937 1571 3044 1654 qui

485 1681 578 1745 eis
633 1678 928 1744 fraudem
982 1679 1208 1743 fecerit
1260 1677 1466 1743 modis
1521 1677 1681 1760 illis,
1748 1677 1985 1760 quibus
2040 1683 2511 1744 consueverunt
2561 1677 2816 1760 legibus
2873 1678 3042 1741 frau-

486 1787 632 1851 dem
695 1786 910 1852 facere
931 1836 947 1868 ,
1023 1786 1135 1868 qui
1205 1784 1405 1850 verba
1466 1784 1682 1868 legum
1753 1790 2047 1849 tenentes
2114 1791 2341 1850 contra
2401 1786 2692 1868 ipsarum
2756 1785 3046 1867 gestiunt

482 1893 899 1959 voluntatem.

751 2088 864 2155 Ad
909 2087 1124 2153 idem.

660 2231 829 2296 Item
876 2252 1021 2295 cum
1069 2231 1257 2295 multi
1303 2232 1500 2296 vitam
1547 2253 1663 2314 pro
1713 2253 1830 2296 sua
1876 2231 2206 2296 voluntate
2254 2230 2561 2296 ducentes
2596 2253 2749 2315 sepe
2795 2235 3043 2297 curiam

486 2344 802 2418 nostram,
870 2337 983 2403 ubi
1045 2339 1236 2421 culpa
1288 2360 1417 2403 non
1473 2337 1723 2419 suffuit,
1783 2340 1916 2403 suis
1973 2338 2489 2403 oblocutionibus
2546 2337 2930 2405 offuscarint
2984 2346 3047 2404 et

484 2446 658 2510 illius
691 2444 932 2509 famam
965 2465 1172 2527 usque
1216 2444 1409 2510 hodie
1456 2444 1965 2511 detractionibus
2012 2446 2325 2528 impetere
2371 2466 2499 2510 non
2549 2444 2891 2527 desistant,
2941 2469 3042 2511 vo-

484 2553 698 2618 lumus
746 2557 812 2618 et
848 2551 969 2617 sub
1003 2550 1436 2617 anathematis
1466 2553 1988 2617 interminatione
2020 2551 2424 2634 mandamuS,
2473 2553 2779 2636 quatinus
2811 2555 3042 2635 01111118,

485 2661 598 2743 (1111
644 2658 831 2726 1101118
877 2658 979 2723 vel
1010 2660 1393 2742 cuicumque
1423 2658 1505 2724 de
1552 2660 1733 2723 curia
1777 2664 2001 2724 nostra
2045 2680 2163 2741 pro
2210 2664 2389 2723 certa
2419 2664 2487 2724 et
2522 2658 2814 2742 legitima
2847 2682 3045 2726 causa

484 2767 659 2831 ultra
711 2766 939 2849 viginti
993 2765 1234 2831 solidos
1291 2766 1613 2847 servierit,
1671 2787 1787 2849 per
1840 2766 2092 2830 litteras
2146 2764 2351 2847 illius,
2400 2767 2504 2831 cui
2557 2768 2895 2832 servitium
2942 2789 3042 2832 ex·

484 2873 715 2954 hibuit,
765 2872 1022 2937 domino
1071 2894 1187 2938 suo
1233 2872 1314 2937 de
1361 2874 1620 2939 servitio
1667 2873 1926 2956 plenam
1972 2871 2216 2937 referat
2257 2874 2616 2938 veritatem.
2710 2872 2780 2938 Si
2826 2879 3044 2939 autem

487 2979 784 3045 dominus
831 2980 969 3044 eius
1016 2978 1384 3044 huiusmodi
1440 2980 1773 3045 servitium
1819 2980 1985 3044 scire
2031 2982 2488 3063 postposuerit,
2539 2986 2764 3046 contra
2806 2981 3042 3065 ipsum,

486 3087 656 3152 sicut
698 3085 1024 3153 hominem
1071 3085 1152 3151 de
1195 3086 1438 3153 honore
1485 3086 1754 3151 ecclesie
1799 3108 1927 3151 non
1974 3093 2309 3152 curantem
2326 3087 2370 3168 ¹,
2427 3109 2544 3154 suo
2587 3088 2729 3155 loco
2775 3094 2844 3153 et
2887 3094 3044 3153 tem·

486 3214 642 3278 pore
704 3192 1148 3278 procedemus,
1241 3194 1347 3259 Ab
1410 3193 1539 3258 illis
1608 3195 1826 3275 etiam,
1894 3195 2005 3276 qui
2060 3193 2141 3258 de
2186 3197 2448 3278 proprio
2495 3196 2863 3277 servierint,
2929 3217 3043 3278 pro

488 3301 622 3365 suis
686 3301 1078 3385 specialibus
1143 3301 1420 3385 negotijs
1484 3300 1697 3366 littere
1761 3302 2229 3367 testimoniales
2297 3301 2595 3367 similiter
2655 3302 3039 3368 habeantur.

485 3407 587 3472 De
624 3407 861 3490 quibus
903 3414 970 3472 et
998 3407 1306 3491 predictis
1354 3407 1500 3491 alijs
1548 3414 1650 3472 est
1693 3407 2036 3491 diligenter
2080 3406 2451 3491 tenendum,
2499 3415 2573 3474 ut
2616 3430 2734 3492 per
2768 3409 2919 3475 illas
2966 3408 3041 3473 de

487 3515 852 3596 quantitate
890 3514 1132 3597 servitij
1181 3515 1390 3598 possit
1418 3515 1658 3579 veritas
1705 3514 2002 3581 obtineri.
2096 3514 2451 3581 Esculenta
2480 3521 2700 3581 tamen
2739 3523 2808 3581 et
2850 3538 3039 3601 pocu-

486 3620 666 3686 lenta
710 3641 840 3686 non
886 3619 1300 3686 fraudulenta
1342 3621 1787 3704 intelligantur
1817 3627 2087 3705 excepta
2117 3623 2184 3685 in
2224 3622 2520 3688 omnibus
2550 3623 2881 3708 predictis,
2928 3644 3038 3707 pro

488 3726 724 3810 quibus
772 3727 1072 3793 nolumus
1119 3727 1402 3810 aliquem
1448 3727 1848 3793 anathemati
1896 3728 2249 3794 subiacere.

748 3981 774 4062 ΙΙ
810 3975 1290 4060 Sequuntur²
1336 3977 1596 4063 alia(r)
1644 3979 1817 4043 circa
1861 3979 2147 4061 regimen
2192 3978 2699 4065 vicecancellarij
2752 3985 2817 4045 et
2861 3985 3033 4046 nota-

842 4084 1084 4149 riorum
1135 4084 1775 4149 constitutionum
1823 4085 2313 4151 cancellarie.

664 4244 746 4310 In
791 4245 1016 4329 primis
1063 4264 1290 4309 mensa
1319 4245 1829 4328 vicecancellarii
1881 4252 1946 4310 et
1977 4247 2376 4311 notariorum
2409 4247 2692 4312 omnium
2727 4269 2858 4312 una
2898 4251 3029 4312 erat

489 4352 690 4418 semel
733 4352 802 4416 in
848 4351 981 4432 die,
1030 4352 1095 4416 in
1153 4373 1284 4434 qua
1337 4351 1573 4433 111111118,
1623 4353 2085 4434 cuiuscumque
2143 4359 2316 4418 esset
2361 4355 2842 4437 preeminentie,
2891 4374 3027 4418 con-

667 4548 687 4583 ¹
723 4547 956 4603 Hdschr.
1005 4554 1246 4604 curante.
1320 4548 1431 4603 Am
1468 4547 1664 4604 Raude
1710 4549 1854 4604 oben
1898 4567 2009 4605 von
2046 4549 2280 4605 auderet
2316 4550 2509 4638 H..²¹¹¹d³
2557 4550 2732 4605 Nota
2768 4551 2844 4605 de
2878 4547 3024 4605 offi-

495 4638 791 4693 cialibus
827 4637 1239 4692 cancellarie
1277 4643 1342 4693 et
1377 4654 1601 4694 eorum
1639 4640 1981 4710 regimine.
2142 4640 2162 4673 ²
2199 4639 2306 4694 Dic
2342 4639 2687 4697 Uberschrift
2723 4639 2860 4697 uach
2896 4638 3026 4696 aliar
