3242 5184
177 3139 299 3195 Fol.

1489 286 1619 335 .-,
1670 248 1798 311 222
1892 286 1979 311 -,-

459 424 612 488 dato
661 424 792 488 sint
837 423 1014 488 dati1
1061 429 1128 488 et
1173 424 1304 487 sint
1349 425 1509 488 clari
1555 429 1623 488 et
1659 423 1823 488 bene
1870 422 2229 506 specificati
2275 430 2419 505 etc„
2468 429 2542 488 ut
2586 425 2734 488 iura
2780 424 3032 505 dicunt,

459 530 719 595 articuli
774 531 1106 595 antedicti.
1200 529 1369 595 Item
1432 531 1487 594 si
1544 552 1699 613 pars
1745 552 1874 595 non
1922 536 2105 594 curet
2160 528 2598 594 admissionen
2653 530 3034 596 huiusmodi

459 637 573 702 sed
618 638 842 722 pocius
888 637 1159 702 ulterius
1206 636 1556 720 procedere
1602 636 1686 701 ad
1734 636 2212 703 conclusionem
2259 657 2376 701 seu
2421 635 2832 702 diffinitivam
2881 659 3033 702 sen-

458 746 738 810 tenciam
783 746 850 809 in
897 766 1097 809 causa
1141 743 1476 809 ferendam
1522 749 1589 808 et
1647 743 1830 809 illam
1884 743 2053 809 feret
2108 740 2294 808 iuxta
2354 745 2566 827 petita
2612 750 2679 809 et
2721 744 3032 828 probata,

461 852 618 934 quia
663 851 1015 933 aliquando
1081 851 1415 933 contingit,
1484 850 1657 935 quod
1721 872 1894 934 parS,
1962 872 2087 932 que
2152 849 2334 915 dedit
2395 851 2733 934 articuloS,
2817 852 3039 916 credit

455 957 702 1023 factum
749 978 937 1022 suum
984 977 1125 1021 esse
1170 977 1289 1040 per
1335 964 1538 1023 testes
1587 956 1903 1022 affuturos
1951 958 2047 1021 ita
2093 956 2268 1023 clare
2305 957 2673 1041 probatum,
2722 958 2893 1040 quod
2945 958 3037 1022 de

456 1064 676 1148 aliqua
735 1062 1128 1129 admissione
1185 1064 1607 1130 articulorum
1663 1084 1928 1129 suorum
1982 1086 2113 1129 non
2169 1070 2383 1147 curat,
2440 1071 2509 1129 et
2571 1066 2724 1148 quia
2776 1067 2844 1129 111
2898 1063 3039 1131 1100

457 1192 613 1236 casu
666 1192 795 1236 non
851 1177 953 1235 est
1006 1171 1319 1236 terminus
1375 1170 1835 1236 substancialis
1891 1168 1983 1233 nil
2043 1169 2127 1234 ad
2173 1170 2439 1251 factum,
2488 1172 2544 1236 si
2590 1171 3040 1236 admittantur

456 1277 716 1343 articuli
762 1276 928 1342 tales
976 1277 1077 1342 vel
1123 1300 1272 1359 non,
1322 1277 1436 1342 sed
1481 1278 1656 1360 parti
1703 1276 2057 1359 negligenti
2102 1277 2227 1343 hoc
2270 1279 2495 1361 pocius
2543 1279 2919 1361 imputetur.

632 1384 800 1449 Item
884 1383 1116 1466 quodsi
1196 1406 1350 1468 pars
1424 1389 1609 1468 petat
1682 1383 1940 1449 admitti
2015 1385 2323 1450 articulos
2392 1390 2574 1450 suos'
2621 1391 2688 1450 et
2758 1386 3037 1451 auditor

456 1493 655 1558 tacite
693 1491 794 1555 vel
831 1512 1134 1573 expresse
1170 1491 1316 1556 illos
1354 1490 1633 1575 repellat
1669 1489 1886 1556 debite
1934 1492 2307 1574 requisitus,
2354 1513 2509 1575 pars
2557 1498 2786 1574 petens
2831 1493 3043 1558 licet2

454 1597 813 1682 appellabit
885 1618 927 1660 a
981 1596 1100 1662 tali
1156 1597 1454 1663 auditore
1471 1602 1496 1641 3
1549 1604 1816 1681 propter
1887 1597 2088 1663 talem
2160 1597 2613 1682 repulsionem.
2725 1599 2815 1664 Et
2876 1599 3039 1665 dico

455 1706 743 1786 tacitam,
794 1706 949 1786 quia
996 1703 1183 1785 forte,
1233 1704 1388 1769 dum
1420 1705 1737 1769 terminus
1776 1692 1874 1769 ad‘
1898 1705 2291 1770 audiendum
2337 1704 2739 1771 voluntatem
2775 1706 3040 1771 domini

454 1811 769 1878 auditoris
843 1832 1036 1894 super
1121 1811 1491 1877 huiusmodi
1563 1811 1955 1877 admissione
2028 1811 2129 1876 vel
2210 1810 2580 1894 repulsione
2651 1812 3044 1878 huiusmodi

452 1920 791 2000 articulOS,
840 1926 932 1982 .ut
985 1917 1319 2000 admittat,
1375 1920 1731 2001 requisitus
1796 1918 2068 1989 obaudit
2121 1924 2188 1985 et
2258 1902 2606 1985 terminu'm
2672 1920 2756 1984 ad
2820 1919 3044 1985 alium

452 2012 671 2092 actum
734 2027 908 2109 parti
969 2026 1218 2108 petenti
1283 2025 1544 2090 admitti
1598 2025 1909 2091 articulos
1976 2027 2298 2108 assignat,
2365 2032 2433 2091 et
2494 2026 2588 2090 sic
2652 2026 2736 2091 ab
2792 2027 3044 2093 eodem

453 2132 913 2217 appellabitur.

476 2253 483 2260 '
628 2239 719 2304 Et
772 2240 829 2303 si
882 2239 1348 2322 pronuncietur
1402 2238 1566 2303 bene
1621 2260 2025 2322 processum,
2090 2239 2327 2304 iterum
2390 2261 2543 2323 pars
2609 2240 2703 2317 sic
2756 2228 3070 2325 repulsa'

451 2346 780 2429 appellare
827 2347 1087 2428 poterit,
1137 2351 1203 2411 et
1247 2347 1302 2410 si
1348 2345 1701 2429 precedens
1747 2344 2239 2410 interlocutoria
2286 2345 2719 2428 confirmetur,
2768 2347 2826 2410 si
2867 2369 3041 2429 pro-

450 2455 792 2519 nuncietur
852 2453 1016 2518 bene
1075 2474 1480 2537 processum,
1556 2453 1924 2518 remittetur
1987 2473 2188 2516 causa
2250 2454 2459 2535 primo
2524 2453 2836 2534 auditori,
2907 2456 3042 2536 qui

451 2560 711 2644 repulit,
759 2566 834 2624 ut
867 2560 1209 2643 prefertur.
1286 2559 1508 2626 Simile
1548 2561 1634 2623 sit
1670 2560 1738 2623 in
1775 2558 2074 2624 omnibus
2112 2558 2618 2642 interlocutorijs
2654 2560 2722 2623 in
2759 2559 3042 2643 palacio

449 2674 826 2733 memorato·

718 2881 827 2946 De
874 2881 1332 2945 remissione
1379 2879 1471 2944 ad
1517 2885 1786 2962 partes
1834 2879 2166 2945 decreta.

626 3024 788 3089 Post
840 3023 1172 3088 decretum
1227 3024 1432 3105 ipsius
1487 3021 1842 3105 prefigetur
1896 3023 2211 3088 terminus
2256 3023 2555 3105 partibus
2602 3023 2687 3089 ad
2733 3025 3034 3108 primam

450 3132 619 3197 diem
675 3137 790 3196 aut
844 3132 1025 3195 iuxta
1078 3129 1477 3195 voluntatem
1501 3134 1561 3214 114
1582 3130 1935 3194 earundem
1988 3130 2281 3213 parcium
2350 3129 2433 3194 ad
2489 3129 3030 3196 concordandum

60 3227 409 3283 CCXXIXh.
450 3240 529 3305 de
573 3240 714 3305 loco
764 3245 830 3303 et
875 3237 1106 3320 iudice,
1156 3244 1222 3302 et
1267 3238 1321 3301 si
1368 3236 1576 3301 altera
1620 3237 1914 3321 parcium
1960 3258 2089 3301 non
2127 3239 2582 3321 comparuerit,
2629 3260 2780 3322 pars
2822 3260 3030 3305 accu-

134 3321 153 3371 s
157 3325 260 3375 255
272 3319 339 3377 b.)

449 3369 600 3411 sans
658 3346 948 3411 nominet
1000 3344 1213 3411 locum
1271 3351 1337 3408 et
1393 3344 1701 3425 iudicem,
1760 3350 1825 3408 et
1870 3343 2129 3409 auditor
2182 3366 2376 3410 cause
2421 3346 2488 3409 in
2537 3346 3029 3410 contumaciam

446 3451 814 3518 huiusmodi
858 3451 1376 3517 nominacionem
1423 3451 1729 3515 admittit.
1822 3450 2069 3515 Tamen
2117 3451 2426 3534 quamdiu
2472 3451 2653 3516 bulla
2682 3453 3024 3518 remissio-

445 3563 546 3625 nis
586 3560 782 3624 estin
821 3580 1099 3640 camera,
1147 3580 1276 3622 non
1314 3557 1614 3623 obstante
1665 3558 2091 3639 contumacia,
2139 3579 2314 3640 parsi,
2364 3580 2489 3642 que
2536 3558 2660 3622 fuit
2703 3566 3027 3641 reputata

444 3673 814 3748 contumax,
863 3657 1103 3748 poterit
1150 3665 1229 3729 de
1275 3687 1441 3730 novo
1490 3663 1881 3729 concordare
1928 3666 1995 3729 in
2040 3665 2320 3729 iudicem
2366 3666 2434 3728 in
2472 3665 2811 3730 audiencia
2857 3687 3023 3732 con-

444 3774 868 3839 tradictarum
899 3773 1194 3856 predicta
1240 3777 1307 3837 et
1333 3772 1622 3849 litteram
1669 3772 2069 3836 remissionis
2106 3769 2320 3836 facere
2367 3779 2711 3854 arrestare,
2761 3773 2814 3836 si
2851 3774 3024 3839 velit

444 3883 578 3946 suis
626 3881 923 3964 expensis
986 3879 1275 3944 litteram
1333 3880 1734 3944 remissionis
1797 3879 2012 3943 facere
2065 3878 2355 3943 rescribi.
2456 3877 2624 3943 Item
2680 3877 2852 3960 olim,
2904 3901 3019 3944 me

441 3988 824 4055 recordante
864 3993 930 4051 et
958 3985 1237 4067 vidente,
1285 3986 1698 4050 remissiones
1744 3985 2132 4068 huiusmodi,
2182 3985 2482 4050 videlicet
2516 3985 2732 4050 littere
2777 3987 3015 4051 remis-

443 4098 720 4176 sionum,
768 4094 909 4158 fieri
957 4100 1425 4159 consueverant
1470 4099 1543 4156 ut
1585 4092 1935 4176 plurimum
1993 4093 2113 4157 sub
2162 4091 2391 4175 sigillis
2438 4091 2841 4158 dominorum
2890 4114 3013 4156 au-

442 4203 723 4268 ditorum
754 4222 1120 4282 causarum,
1154 4201 1343 4264 modo
1381 4222 1529 4265 non.
1622 4199 1791 4264 Item
1829 4201 2069 4265 citatur
2105 4222 2257 4283 pars
2297 4199 2530 4278 deinde
2569 4205 2635 4265 et
2662 4198 3016 4285 prefigitur

439 4312 754 4375 terminus
827 4308 1068 4389 eidem,
1136 4329 1251 4372 seu
1316 4308 1372 4371 si
1432 4307 1729 4372 remissio
1795 4307 1881 4371 sit
1943 4307 2299 4372 communis
2311 4356 2327 4388 ,
2395 4307 2640 4372 eisdem
2703 4305 3012 4390 partibus

440 4418 753 4481 terminus
823 4416 905 4480 ad
980 4414 1265 4485 dandum
1329 4415 1827 4497 interrogatoria
1898 4436 2015 4498 pro
2079 4414 2355 4479 testibus
2421 4413 2864 4479 examinandis
2937 4416 3012 4479 in

622 4632 638 4662 ¹
678 4633 695 4684 i
735 4649 835 4685 aus
875 4649 908 4686 0
945 4631 1089 4685 korr,
1184 4630 1207 4662 2
1242 4630 1427 4686 licite?
1536 4628 1557 4660 ³
1595 4628 1831 4682 Hdschr.
1870 4630 1905 4682 i.
2013 4626 2038 4659 ⁴
2074 4627 2201 4685 Von
2237 4627 2355 4682 hier
2393 4646 2466 4684 an
2503 4629 2593 4683 die
2631 4634 2770 4683 erste
2808 4627 3010 4684 Hand.
