3242 5184
1538 289 2026 350 —218—

511 464 932 546 pecuniarum
997 465 1265 528 summis
1316 514 1329 527 .
1382 512 1396 527 .
1448 468 1503 527 ‚1
1569 465 1890 529 occisione
1955 469 2022 529 et
2084 462 2545 529 consimilibus,
2655 462 2747 527 Et
2810 462 2949 543 ille,
3016 464 3070 527 si

513 570 920 651 clericorum,
977 577 1135 636 tunc
1188 592 1406 637 coram
1461 571 1759 637 auditore
1814 592 2095 653 camere,
2154 571 2210 635 si
2265 577 2485 636 autem
2549 570 2698 635 laici
2764 571 3069 651 existunt,

512 685 666 742 tunc
722 699 939 742 coram
995 677 1363 743 mariscallo
1418 677 1590 744 dicte
1635 666 1929 743 Romane
1986 679 2163 743 curie
2220 678 2360 741 sine
2407 677 2858 742 commissione
2903 682 3072 741 trac-

512 792 736 851 tantur
758 834 774 866 ,
832 786 888 850 si
934 792 1154 869 partes
1210 785 1447 867 velint,
1495 792 1716 851 tamen
1776 785 2172 850 sufficienter
2226 784 2612 849 conveniant
2667 782 2798 870 [?]2
2852 805 3074 848 earum

512 914 816 957 assensus
864 898 931 958 et
972 893 1314 975 prevencio
1361 894 1428 957 in
1475 893 1737 958 eisdem.
1831 892 2144 957 Attamen
2190 892 2271 957 de
2317 891 2524 972 laiciS,
2573 912 2737 973 quos
2783 891 3073 974 intelligo

513 999 932 1065 corthesanos
989 1006 1106 1064 aut
1149 999 1512 1065 Romanam
1569 1001 1817 1065 curiam
1863 1005 2208 1083 sequentes
2256 1002 2373 1063 aut
2416 998 2498 1063 de
2544 998 2737 1062 terris
2782 997 3074 1063 Romane

513 1107 783 1173 ecclesie
821 1107 1193 1188 existentes,
1240 1112 1459 1172 tamen
1495 1107 1663 1172 tales
1702 1129 1896 1172 cause
1934 1129 2050 1190 per
2086 1106 2418 1171 dominum
2455 1104 3073 1186 vicecancellarium,

512 1215 666 1278 licet
711 1212 1044 1296 prophane
1092 1214 1224 1279 sint
1269 1219 1336 1278 et
1378 1214 1626 1280 iudices
1672 1214 1960 1280 habeant
2004 1215 2070 1279 in
2118 1212 2346 1279 eadem
2393 1212 2576 1277 curia
2612 1217 3073 1294 competenteS,

512 1328 674 1404 puta
726 1319 1096 1385 huiusmodi
1151 1319 1483 1385 dominum
1539 1321 1902 1387 auditorem
1964 1342 2218 1385 camere
2281 1327 2347 1388 et
2401 1318 2843 1407 mariscallum
2902 1320 3076 1383 curie

512 1427 983 1512 predictarum,
1050 1428 1106 1492 si
1170 1429 1510 1494 convenire
1564 1427 1784 1508 velint,
1840 1434 2189 1509 antequam
2235 1434 2454 1492 tamen
2499 1425 2711 1491 forum
2758 1424 3072 1490 dictorum

500 1535 828 1601 »auditoris
875 1540 942 1600 et
986 1535 1337 1600 mariscalli
1375 1534 1712 1617 accedunt,
1760 1534 2108 1600 dummodo
2153 1533 2523 1603 huiusmodi
2569 1539 2789 1616 partes
2828 1533 2900 1596 in
2936 1534 3074 1616 ipsa

516 1645 696 1708 curia
743 1643 874 1707 sint
916 1650 1281 1725 presentes,
1328 1643 1396 1707 in
1435 1641 1660 1707 eodem
1707 1641 1959 1725 palacio
2005 1646 2280 1725 possunt
2325 1639 2642 1705 committi
2688 1639 2772 1704 ad
2817 1639 3074 1704 libitum

515 1749 759 1814 domini
822 1747 1328 1830 vicecancellarij
1397 1747 1634 1832 prefati
1699 1754 1815 1813 aut
1881 1748 2054 1812 illius
2077 1797 2093 1829 ,
2159 1749 2271 1830 qui
2328 1748 2412 1812 ad
2471 1734 2864 1831 signandum
2912 1768 3073 1812 com-

515 1857 888 1922 missionem
965 1854 1314 1938 deputatus
1390 1861 1508 1921 est.
1618 1855 1710 1921 Et
1783 1856 1876 1919 sic
1949 1854 2029 1920 de
2103 1877 2448 1920 causarum
2514 1853 3074 1926 commissionibus

517 1963 847 2029 sufficiant
889 1961 1202 2046 predicta.

784 2211 892 2278 De
940 2212 1638 2277 observacionibus
1685 2212 2185 2276 terminorum
2233 2212 2613 2293 sequitur.

695 2354 906 2437 Igitur
953 2354 1232 2438 quedam
1279 2353 1656 2419 differencia
1701 2355 1768 2418 in
1809 2355 2230 2419 terminorum
2269 2354 2728 2420 observacione
2758 2353 3076 2418 habeatur

521 2466 691 2529 inter
737 2482 968 2527 causas
998 2483 1131 2544 ‘per
1178 2460 1690 2545 appellacionem
1736 2461 1819 2527 ad
1867 2461 2107 2526 dictam
2145 2462 2393 2526 curiam
2425 2459 2762 2526 devolutas
2815 2465 2882 2525 et
2912 2460 3072 2538 illas,

520 2592 646 2653 que
711 2589 857 2634 cum
920 2573 1243 2650 potestate
1308 2568 1552 2633 citandi
1615 2574 1802 2634 extra
1865 2567 2138 2634 eandem
2212 2569 2458 2633 curiam
2535 2566 2619 2632 ad
2691 2567 3073 2642 instanciam

519 2677 712 2741 unius
759 2676 967 2760 partis
1015 2674 1527 2758 committuntur,
1574 2680 1651 2740 ut
1695 2676 1995 2760 superius
2043 2680 2145 2740 est
2189 2696 2586 2757 expressum.

787 2942 898 3008 De
964 2941 1276 3008 decreto
1341 2942 1757 3009 citacionis
1831 2943 1923 3008 ad
1995 2948 2259 3025 partes
2334 2949 2468 3008 aut
2539 2942 3072 3008 commissione

875 3071 1010 3133 per
1065 3050 1411 3133 parcium
1471 3051 1959 3133 presenciam
2013 3055 2494 3134 presentata,
2561 3049 2741 3132 quid
2813 3049 2917 3114 sit
2967 3047 3070 3112 fa-

876 3157 1229 3223 ciendum
1274 3178 1408 3240 per
1453 3157 1915 3223 auditorems

698 3300 888 3366 Circa
921 3299 1093 3384 quod
1133 3306 1235 3365 est
1269 3299 1646 3381 notandum,
1696 3301 1888 3381 quod,
1939 3300 2094 3365 dum
2135 3320 2334 3365 causa
2374 3298 2843 3383 appellacionis
2891 3314 3070 3379 super

523 3407 836 3474 beneficio
883 3413 999 3474 aut
1053 3407 1184 3472 alia
1240 3427 1312 3472 re
1367 3429 1777 3489 quacumque
1833 3407 1916 3472 ad
1972 3407 2214 3472 dictam
2260 3407 2507 3471 curiam
2552 3405 2859 3471 devoluta
2912 3424 3067 3468 com-

523 3515 823 3596 mittitur,
870 3520 1025 3579 tunc
1072 3516 1202 3598 qui·
1229 3515 1540 3598 impetrat
1584 3515 2119 3595 commissionem,
2169 3513 2419 3579 scilicet
2454 3518 2570 3578 aut
2599 3511 2935 3595 appellans
2967 3512 3068 3574 aut

524 3621 908 3705 appellatus,
945 3644 1218 3704 quorum
1250 3622 1519 3687 cuilibet
1548 3621 1704 3686 licet
1734 3622 2250 3687 commissionem
2295 3621 2644 3703 impetrare
2689 3613 3063 3695 huiusmodi,

524 3730 869 3795 dummodo
902 3728 1286 3794 beneficium
1319 3728 1831 3794 ecclesiasticum
1863 3734 1978 3792 aut
2013 3726 2164 3792 talis
2195 3748 2321 3808 res,
2356 3746 2551 3810 super
2590 3746 2722 3808 qua
2759 3723 3062 3808 agendum

523 3843 642 3918 est,
691 3836 889 3901 fuerit
928 3836 1007 3901 de
1045 3836 1252 3919 ipsius
1298 3841 1537 3901 natura
1582 3838 1705 3921 [et]
1747 3835 1956 3918 possit
1993 3834 2061 3898 in
2098 3834 2327 3899 eadem
2365 3833 2547 3898 curia
2580 3831 2874 3912 tractari,
2906 3828 3062 3893 dicta

524 3944 974 4009 commissione
1004 3948 1380 4027 presentata
1410 3943 1693 4007 auditori
1738 3940 2108 4006 huiusmodi
2163 3961 2357 4006 cause
2405 3941 2610 4005 eciam
2654 3935 3061 4023 personaliter

525 4071 640 4116 seu
683 4072 801 4133 per
853 4056 1339 4133 procuratorem
1393 4049 1783 4132 legitimum,
1841 4048 2124 4114 auditori
2187 4047 2556 4113 huiusmodi
2613 4066 2805 4112 cause
2859 4039 3057 4127 appel-

524 4157 794 4224 lacionis
849 4178 1002 4240 pars
1059 4157 1415 4241 impetrans
1473 4157 1993 4222 commissionem
2058 4154 2426 4220 huiusmodi
2490 4174 2560 4218 se
2623 4155 2947 4236 presentet
3000 4150 3057 4210 et

525 4265 822 4331 dominus
888 4263 1147 4330 auditor
1208 4263 1577 4329 huiusmodi
1641 4264 1848 4347 partis
1909 4263 2320 4346 impetrantis
2385 4261 2896 4327 commissionem
2955 4272 3054 4318 seu

527 4373 606 4438 de
636 4373 840 4456 ipsius
872 4372 1311 4456 procuratoris
1345 4370 1692 4437 sufficienti
1722 4368 2049 4435 mandato.
2115 4368 2299 4434 Tunc
2329 4368 2525 4435 debet
2559 4367 2767 4434 eidem
2797 4357 3054 4430 auditori

706 4570 726 4601 ¹
763 4568 956 4623 Lflcke
991 4570 1050 4622 in
1074 4569 1173 4624 der
1196 4569 1505 4624 Handschr.
1567 4566 1914 4624 Vermutlich
1947 4568 2021 4645 ist
2052 4568 2227 4638 raptis
2260 4583 2330 4621 zu
2355 4572 2640 4638 ergiinzen.
2783 4562 2806 4596 ¹
2838 4554 3047 4616 Hdsehr.

525 4659 928 4714 convenienter.
