3242 5184
1288 239 1773 302 -135—

248 415 515 481 ditionis
549 420 617 480 et
648 421 875 497 statuS,
909 415 1196 481 audebat
1225 416 1629 482 commedere
1660 437 1779 482 nec
1811 416 2092 482 debebat
2121 418 2246 482 nisi
2279 417 2359 483 de
2391 419 2624 484 summi
2654 441 2811 503 pon-

246 521 440 587 tificis
481 522 752 587 licentia
791 522 1076 607 speciali.
1172 521 1298 605 Qui
1338 523 1749 606 tenebantur,
1783 524 2081 589 omnibus
2114 524 2261 608 alijs
2299 524 2812 608 quibuscumque

247 628 816 695 abbreviatoribus
848 628 1145 711 exclusiS,
1177 630 1430 695 litteras
1463 630 1696 695 dubias
1738 631 2108 697 examinare
2141 631 2220 697 de
2259 632 2399 697 iure
2432 637 2497 697 et
2529 631 2608 696 de
2641 631 2809 714 sti10,

249 737 807 802 examinatoribus
839 742 905 801 et
923 736 1274 802 advocatis,
1340 735 1688 803 Consuevit
1719 737 1914 802 etiam
1947 738 2337 804 cancellaria
2365 738 2624 809 habere,
2640 761 2809 805 com-

246 865 474 910 munes
510 844 982 926 senescalcum,
1013 864 1290 927 coquum
1319 849 1386 909 et
1411 843 1825 926 hostiarium,
1857 845 1969 928 qui
1998 828 2509 911 assumebantur
2528 846 2607 911 de
2639 867 2808 913 com-

246 951 427 1017 muni
475 951 765 1017 omnium
809 951 1141 1016 voluntate
1188 955 1273 1032 et,
1320 951 1446 1015 nisi
1492 951 1658 1016 alias
1705 951 2172 1035 delinquerent,
2222 957 2407 1017 erant
2451 953 2770 1037 perpetui.

517 1147 633 1211 Ad
678 1148 892 1212 idem.

424 1291 598 1357 Item
646 1291 852 1356 omnis
900 1290 1253 1374 suppelleX,
1302 1312 1428 1373 que
1474 1290 1847 1374 pertinebat
1894 1291 1979 1356 ad
2017 1312 2305 1356 mensam
2345 1297 2412 1356 et
2442 1292 2806 1374 coquinam,

243 1398 575 1464 communi
640 1396 1118 1463 contributione
1180 1396 1556 1478 emebatur,
1634 1419 1760 1480 que
1837 1398 2247 1482 postmodum
2312 1398 2488 1464 facta
2558 1398 2807 1463 inutilis

242 1505 440 1570 dictis
471 1504 760 1589 ipsorum
792 1502 1177 1571 officialibus
1211 1503 1589 1570 debebatur.
1668 1503 1758 1568 Et
1788 1504 2048 1588 quando
2081 1505 2264 1570 curia
2293 1505 2808 1575 transferebatur

241 1611 323 1677 de
368 1611 514 1678 loco
562 1611 646 1677 ad
690 1612 924 1694 locum,
974 1611 1339 1696 sumptibus
1387 1632 1642 1677 camere
1689 1611 1943 1695 papalis
1991 1612 2396 1697 portabatur.

516 1808 632 1873 Ad
678 1807 894 1872 idem.

422 1950 594 2017 Item
654 1951 987 2034 equitante
1035 1950 1291 2016 domino
1338 1970 1511 2035 papa
1553 1972 1671 2035 per
1717 1952 2045 2016 civitatem
2099 1952 2201 2017 vel
2257 1951 2469 2017 locum
2524 1952 2805 2018 vicinum

239 2058 592 2125 tenebatur
660 2057 1224 2123 vicecancellarius
1306 2058 1489 2140 sequi
1569 2057 1784 2141 ipsum
1798 2108 1813 2138 ,
1879 2057 2460 2124 concomitantibus
2532 2059 2805 2143 notarijs

240 2165 564 2246 omnibuS,
620 2171 955 2247 tamquam
1010 2164 1354 2248 peculiaris
1420 2170 1486 2229 et
1546 2164 1847 2248 specialis
1901 2164 2150 2230 familia
2194 2185 2381 2249 pape.
2474 2164 2564 2230 Et
2610 2164 2805 2231 debet

238 2272 809 2337 vicecancellarius
875 2277 942 2337 et
1004 2270 1235 2336 deinde
1300 2272 1533 2355 notarij
1549 2321 1565 2354 ,
1622 2270 1883 2337 auditor
1938 2271 2487 2336 contradictarum
2548 2278 2614 2337 et
2659 2294 2797 2338 cor-

238 2386 457 2445 rector
521 2379 745 2444 sedere
809 2383 958 2462 post
1016 2378 1410 2462 presbiteros
1476 2377 1872 2459 cardinales,
1939 2377 2198 2461 quando
2265 2378 2562 2444 dominus
2627 2398 2801 2463 papa

238 2486 552 2569 celebrat,
600 2486 1113 2570 quibuscumque
1159 2484 1429 2568 prelatis
1476 2491 1627 2570 post
1674 2484 2072 2551 sedentibus,

509 2682 627 2747 Ad
672 2681 898 2747 idem.

421 2825 795 2893 Tenebatur
849 2825 1046 2890 etiam
1101 2824 1675 2890 vicecancellarius
1731 2831 1798 2890 et
1852 2825 2086 2908 notarij
2138 2823 2451 2890 antedicti
2497 2824 2805 2888 assistere

238 2955 412 3019 pape
475 2933 543 2997 in
608 2952 867 2997 camera
931 2931 1015 2996 ad
1080 2930 1526 3014 exequendum
1590 2931 1903 2997 mandata
1950 2932 2109 3013 61116,
2173 2930 2538 2996 cardinales
2585 2936 2804 2999 autem

237 3046 507 3126 propter
561 3060 782 3105 eorum
838 3043 1049 3103 status
1104 3038 1553 3104 excellentiam
1609 3040 1677 3103 in
1725 3039 2107 3105 consistorio
2154 3043 2220 3103 et
2268 3037 2501 3103 divinis
2549 3035 2801 3120 officijs

510 3236 624 3301 Ad
669 3235 886 3300 idem.

419 3379 770 3446 Consuevit
814 3378 1013 3443 etiam
1059 3377 1325 3443 ultimus
1371 3376 1802 3458 notariorum,
1852 3376 2111 3460 quando
2157 3398 2332 3460 papa
2376 3377 2688 3442 transfert
2734 3397 2803 3441 se

240 3487 322 3552 de
385 3486 527 3553 loco
592 3485 676 3550 ad
739 3485 984 3565 locum,
1059 3482 1428 3568 specialiter
1500 3484 1714 3567 ipsum
1776 3484 1980 3567 sequi,
2051 3505 2168 3567 pro
2224 3505 2352 3567 quo
2405 3482 2691 3567 hospitia
2735 3483 2802 3547 in

237 3595 472 3660 itinere
537 3593 906 3676 specialiter
967 3597 1401 3673 reservantur,
1467 3596 1532 3655 et
1600 3590 1876 3675 percipit
1934 3596 2156 3675 partes
2222 3589 2507 3656 omnium
2573 3590 2801 3656 absen-

239 3702 407 3767 tium
453 3721 571 3785 pro
619 3720 709 3765 se.

509 3877 628 3944 Ad‘
671 3878 891 3944 idem.

418 4020 590 4087 Item
644 4021 859 4086 nullus
918 4019 1291 4086 officialium
1351 4020 1766 4100 cancellarie,
1823 4018 2084 4103 quando
2141 4019 2235 4084 sic
2278 4017 2682 4102 regulariter,
2729 4024 2804 4083 ut

237 4129 627 4215 predicitur,
686 4126 1050 4208 vivebatur,
1109 4125 1395 4192 audebat
1448 4126 1835 4191 medicinam
1895 4147 2148 4191 sumere
2194 4126 2294 4190 vel
2342 4124 2467 4192 sibi
2512 4125 2802 4191 minuere

238 4240 381 4303 sine
426 4234 934 4317 vicecancellarij
984 4233 1248 4319 licentia
1294 4232 1560 4316 speciali
1605 4232 1884 4297 faciliter
1929 4230 2299 4297 obtinenda.

237 4436 462 4490 radiert.
539 4417 799 4487 Dieselbe
824 4431 1009 4495 Hand,
1050 4430 1258 4485 welche
1295 4430 1440 4485 oben
1480 4430 1627 4485 Nota
1655 4460 1716 4467 -
1745 4431 2013 4499 regimine
2050 4429 2283 4498 schrieb,
2321 4429 2539 4485 schrieb
2575 4428 2679 4483 auf
2710 4429 2811 4506 die,

239 4525 422 4579 Rasur
458 4525 559 4576 mit
595 4520 884 4576 derselben
922 4520 1088 4574 Tinte
1125 4522 1229 4575 wie
1266 4520 1435 4575 oben:
1474 4521 1619 4573 circa
1660 4549 1722 4556 --
1762 4520 2128 4589 notariorumz,
2178 4517 2614 4589 vicecancellarii
2654 4512 2800 4579 steht

243 4630 439 4684 wegen
476 4610 730 4691 Mangels
767 4627 839 4671 an
874 4610 1056 4673 ,Raum
1093 4611 1231 4672 tiber
1267 4610 1365 4671 der
1401 4609 1564 4669 Zeilc.
