3242 5184
1522 303 1649 363 227
1759 342 1833 347 2-

308 478 392 544 ad
447 478 792 543 iurandum
848 477 928 543 de
984 478 1354 562 calumpnia
1407 476 1493 543 ad
1537 477 1626 542 11.
1686 478 1857 543 diem
1905 479 2229 544 succesive
2276 484 2343 542 et
2385 485 2535 562 post
2582 478 2665 544 ad
2712 481 2865 545 arti-

307 585 654 651 culandum
700 584 784 650 ad
829 583 975 650 XV.
1027 586 1217 667 diem,
1275 583 1358 650 ad
1412 584 1933 669 respondendum
1990 586 2083 651 eis
2142 591 2210 650 et
2254 585 2337 650 ad
2382 585 2867 669 producendum

307 694 524 758 omnia
568 698 635 757 et
680 692 764 757 ad
819 692 1162 757 dicendum
1222 697 1448 758 contra
1503 691 1586 756 ad
1633 691 1721 756 Π.
1779 692 1969 774 diem,
2026 692 2110 757 ad
2157 692 2617 758 declarandum
2663 693 2867 758 eciam

312 805 377 865 et
445 805 673 864 contra
719 821 829 865 eas
876 799 958 864 ad
1004 798 1092 863 H.
1143 800 1334 881 diem,
1402 805 1469 864 et
1531 799 1765 873 deinde
1830 798 2239 864 concluditur
2302 804 2368 863 et
2420 798 2668 865 feratur
2722 821 2864 865 sen-

305 906 519 971 tencia
572 906 758 970 iuxta
811 906 977 973 velle
1033 905 1369 988 auditoriS,
1426 905 1746 971 ambabus
1794 927 1909 971 seu
1956 906 2165 971 altera
2226 907 2517 990 parcium
2581 913 2864 990 petente,

304 1013 494 1078 alteri
525 1012 607 1077 ad
657 1011 725 1076 id
771 1013 1047 1077 termino
1094 1012 1339 1097 prefixo
1386 1033 1501 1078 seu
1546 1013 1747 1078 citato
1793 1013 2098 1095 legitime,
2144 1019 2221 1079 ut
2264 1019 2366 1079 est
2400 1014 2618 1078 moris.
2711 1013 2865 1078 Ter-

303 1120 460 1184 mini
491 1120 560 1183 in
603 1120 806 1184 tercia
851 1119 1175 1184 instancia
1220 1140 1336 1204 per
1381 1120 1599 1185 omnia
1646 1125 2013 1202 servantur,
2061 1126 2137 1184 ut
2182 1141 2399 1203 supra,
2448 1120 2560 1185 sed
2608 1119 2689 1184 ad
2736 1122 2864 1204 pri-

302 1248 477 1290 mum
524 1225 695 1290 diem
749 1226 1010 1291 termini
1065 1225 1536 1292 substanciales
1592 1232 1918 1308 tenentur,
1975 1233 2245 1311 excepto
2300 1227 2578 1293 termino
2634 1226 2717 1291 ad
2764 1249 2864 1291 ar-

301 1333 722 1414 ticulandum,
772 1334 883 1416 qui
924 1334 1007 1398 ad
1038 1333 1122 1398 X.
1174 1333 1345 1399 diem
1390 1335 1797 1399 consueverit
1840 1333 2000 1415 fieri,
2050 1339 2116 1398 et
2160 1334 2228 1397 in
2273 1335 2480 1398 tercia
2522 1334 2863 1416 instancia,

306 1463 432 1505 non
481 1439 803 1522 obstante,
852 1440 1025 1523 quod
1072 1441 1409 1525 prophana
1456 1438 1715 1523 existat,
1762 1463 1892 1506 non
1938 1440 2196 1506 curabit
2240 1441 2498 1506 auditor
2539 1441 2675 1506 litis
2715 1463 2864 1507 con-

299 1547 723 1612 testacionem
776 1545 919 1612 fieri
974 1548 1067 1611 in.
1097 1569 1323 1629 causa,
1382 1547 1555 1630 quod
1611 1547 1679 1612 id
1737 1552 1919 1613 actor
1974 1569 2089 1613 seu
2133 1569 2283 1613 reus
2330 1548 2633 1631 postulet,
2683 1548 2864 1613 dum-

300 1653 490 1719 modo
554 1655 620 1718 in
687 1653 908 1736 aliqua
964 1655 1432 1720 instanciarum
1485 1655 1666 1738 prius
1723 1653 2091 1719 huiusmodi
2146 1654 2279 1719 litis
2338 1656 2733 1721 contestacio
2781 1656 2868 1720 sit

300 1761 494 1843 facta,
542 1782 670 1826 non
702 1760 958 1825 curabit
988 1760 1370 1827 concludere
1418 1762 1503 1826 sit
1546 1762 1705 1826 velit
1749 1782 1960 1845 neque
2006 1762 2353 1826 terminum
2400 1761 2484 1826 ad
2532 1761 2863 1829 declaran-

300 1867 472 1950 dum,
540 1873 606 1932 et
648 1868 978 1932 rarissime
1043 1867 1323 1950 articuli,
1390 1868 1501 1951 qui
1564 1870 1633 1932 in
1697 1867 1843 1953 alijs
1900 1869 2241 1953 instancijs
2304 1869 2547 1951 repulsi
2601 1869 2863 1952 fuerint,

298 1980 566 2058 propter
610 1997 739 2039 non
787 1973 1339 2058 specificacionem
1378 1997 1494 2040 seu
1525 1976 2072 2057 contrarietatem,
2120 1974 2274 2040 licet
2321 1976 2527 2040 eciam
2564 1976 2630 2040 in
2662 1977 2866 2041 tercia

297 2080 619 2146 instancia
663 2080 830 2146 bene
877 2080 1232 2165 specificati
1246 2087 1290 2163 1,
1347 2081 1414 2146 id
1462 2082 1847 2148 discrecioni
1894 2088 1960 2147 et
2014 2082 2413 2147 consciencie
2459 2082 2703 2147 domini
2749 2105 2860 2147 au-

298 2187 524 2252 ditoris
571 2187 936 2254 remanebit
980 2187 1463 2254 discuciendum
1525 2197 1590 2254 et
1644 2189 2022 2254 fatiendum.
2128 2189 2228 2254 De
2285 2190 2657 2272 integritate
2713 2211 2861 2254 cau-

299 2315 517 2358 sarum
564 2295 692 2359 ista
737 2293 1084 2360 sufficiant.

563 2473 672 2538 De
729 2473 1300 2557 emergentibus
1359 2495 1762 2539 causarum
1820 2475 1899 2538 in
1955 2473 2533 2557 gravaminibus
2581 2480 2656 2539 et
2700 2480 2855 2539 ter-

653 2582 881 2645 minis
929 2578 1441 2648 observandis
1489 2583 1565 2645 in
1615 2581 1925 2645 eisdem.

474 2705 668 2770 Dicto
715 2706 938 2788 itaque
984 2705 1064 2770 de
1110 2706 1487 2789 integritate
1535 2727 1880 2770 causarum
1927 2727 2099 2770 nunc
2157 2705 2240 2770 ad
2299 2707 2706 2788 emergencia
2752 2705 2861 2771 de-

296 2812 622 2894 scendam,
669 2833 786 2896 per
817 2833 943 2896 que
977 2813 1231 2878 diversa
1276 2813 1655 2896 gravamina
1701 2819 1835 2877 tam
1882 2812 1950 2876 in
1997 2812 2172 2876 dicta
2216 2814 2397 2877 curia
2434 2834 2630 2894 quam
2677 2818 2862 2878 extra

297 2918 514 3001 sepius
563 2919 878 2983 oriuntur.
971 2919 1140 2985 Nam
1187 2942 1332 2985 cum
1380 2919 1740 3003 appellacio
1789 2942 1829 2984 a
1875 2940 2280 3002 quocumque
2327 2921 2701 3002 gravamine
2744 2942 2862 3003 per

296 3023 656 3090 auditorem
722 3047 975 3092 camere
1036 3027 1393 3112 apostolice
1459 3049 1574 3092 seu
1632 3049 1748 3111 per
1802 3026 2134 3092 dominum
2199 3026 2560 3092 auditorem
2623 3026 2857 3112 palacij

294 3130 652 3216 appellanti
706 3132 887 3198 illato
945 3140 1011 3199 et
1066 3156 1264 3200 causa
1316 3133 1644 3202 hnismodi
1698 3134 1888 3199 alteri
1944 3132 2223 3198 auditori
2276 3135 2344 3197 in
2389 3134 2643 3217 palacio
2690 3156 2859 3200 com-

294 3239 610 3321 mittatur,
658 3241 918 3305 termini
966 3248 1313 3324 sequentes
1362 3242 1691 3306 observari
1739 3246 2212 3305 consueverunt
2257 3247 2322 3305 et
2370 3248 2741 3323 servantur,
2790 3247 2862 3305 ut

295 3345 508 3411 credo,
600 3346 821 3413 Primo
854 3347 1223 3414 decernitur
1269 3349 1500 3414 citacio
1547 3348 1632 3413 ad
1680 3347 2024 3413 dicendum
2056 3353 2283 3413 contra
2320 3348 2856 3413 commissionem.

293 3451 460 3516 Item
493 3461 836 3520 accusatur
872 3457 1280 3522 contumacia
1318 3478 1449 3521 non
1490 3454 1766 3520 dicentis
1801 3461 2028 3520 contra
2057 3454 2210 3519 illa2
2238 3460 2395 3519 aut3
2426 3455 2482 3519 si
2520 3461 2860 3539 exceptum

292 3558 506 3640 fuerit,
555 3566 751 3626 tunc4
799 3562 1134 3646 appellans
1183 3563 1405 3627 statim
1452 3561 1755 3645 producit
1808 3560 2323 3645 appellacionem
2371 3582 2577 3645 suam,
2631 3568 2707 3626 ut
2763 3569 2864 3627 est

291 3668 358 3731 in
415 3669 579 3732 actis
635 3689 830 3734 cause
882 3668 1105 3734 habite
1124 3673 1148 3713 ⁵
1202 3689 1420 3734 coram
1474 3668 1772 3734 auditore
1831 3689 2045 3750 cause,
2094 3689 2134 3733 a
2179 3689 2307 3750 quo
2339 3669 2708 3753 appellavit.
2773 3668 2864 3734 Et

290 3780 447 3839 tunc
492 3775 831 3859 prefigitur
892 3777 1207 3841 terminus
1273 3777 1356 3841 ad
1420 3775 1767 3841 dicendum
1832 3783 2060 3841 contra
2113 3774 2644 3859 appellacionem,
2694 3781 2761 3841 et
2806 3776 2862 3840 si

292 3903 445 3963 pars
501 3882 568 3946 in
623 3882 863 3948 iudicio
920 3885 1007 3948 sit
1050 3905 1318 3967 presens
1376 3889 1444 3949 et
1495 3889 1757 3966 petatur
1811 3906 1852 3949 a
1915 3883 2312 3967 producente
2379 3905 2495 3949 seu
2552 3880 2862 3948 citabitur

293 3986 375 4051 ad
424 3987 764 4053 dicendum
830 3996 1058 4057 contra
1121 3990 1204 4055 ad
1264 3991 1543 4074 primum
1610 3990 1803 4072 diem,
1870 3997 1937 4055 et
2000 3991 2055 4056 si
2109 4013 2238 4056 non
2294 3990 2550 4055 dicatur
2611 3996 2858 4071 contra,

292 4100 634 4159 accusetur
679 4099 1085 4162 contumacia
1130 4120 1259 4163 non
1308 4097 1582 4188 dicentis
1631 4104 1859 4162 contra
1889 4098 2421 4182 appellacionem.
2448 4101 2474 4181 ΙΙ
2497 4095 2679 4160 Tunc
2710 4117 2853 4179 pre·
3011 4103 3127 4158 Fol.

290 4200 528 4284 figetur
588 4203 903 4268 terminus
959 4205 1043 4269 ad
1097 4204 1608 4289 impugnandum
1664 4211 1731 4270 et
1783 4204 2289 4286 iustificandum,
2355 4204 2410 4267 si
2454 4208 2675 4286 partes
2724 4202 2856 4267 sint
2891 4191 3238 4247 CCXXXP·

290 4309 358 4373 in
404 4307 646 4374 iudicio
694 4311 1062 4376 constitute.
1153 4310 1464 4394 Alioquin
1520 4333 1599 4376 ex
1645 4313 1969 4377 instancia
2013 4313 2283 4377 alterius
2328 4311 2535 4395 partis
2581 4310 2865 4394 petentis
2996 4283 3195 4349 (257⁸.)

289 4416 500 4482 altera
554 4415 865 4490 citabitur
927 4418 1010 4483 ad
1075 4419 1356 4502 primum
1421 4417 1592 4484 diem
1659 4419 1742 4483 ad
1796 4419 1988 4484 idem.
2085 4417 2510 4484 Postmodum
2567 4416 2865 4482 dominus

472 4578 487 4608 ¹
526 4577 671 4634 Text
705 4579 982 4634 verderbt.
1130 4579 1152 4611 ²
1186 4579 1379 4635 illam?
1531 4579 1553 4610 ⁸
1588 4585 1689 4634 aut
1723 4581 1782 4633 in
1818 4581 1917 4634 der
1940 4578 2174 4634 Hdschr.
2200 4578 2527 4634 wiederholt
2559 4578 2709 4633 hunc
2748 4585 2862 4633 aut.

291 4662 314 4694 ⁴
350 4663 468 4719 Vor
490 4671 623 4720 tunc
657 4668 731 4721 ist
764 4666 913 4721 hunc
946 4668 1161 4737 getilgt.
1343 4669 1365 4699 ⁵
1402 4668 1637 4723 Hdschr.
1674 4668 1883 4723 habita.

2337 4755 2440 4810 15*
