3242 5184
1452 279 2040 338 —234—.

686 506 792 569 De
839 506 1344 571 auditoribus.

595 630 803 714 Super
850 632 1066 696 omnia
1109 631 1326 696 videat
1372 632 1649 714 auditor,
1698 631 1870 714 quod
1908 631 2301 696 sufficientes
2358 634 2645 699 notarios
2694 642 2807 698 aut
2853 635 2980 712 sal<

418 745 549 803 tem
606 738 766 813 duos
823 737 1215 802 sufficientes
1273 745 1339 802 et
1393 738 1553 803 duos
1610 744 2048 822 competentes
2105 744 2219 803 aut
2263 761 2463 804 unum
2509 748 2982 825 competentem

420 865 823 909 communem
852 844 1095 909 habeat
1125 851 1192 910 et
1223 845 1642 927 equalitatem
1688 830 2223 911 distribuciOnum
2244 848 2367 932 [et]
2415 848 2939 912 commissionum
2959 853 2981 892 1

419 952 769 1017 observet.2
857 950 1023 1015 Item
1055 973 1137 1040 ne
1168 958 1391 1033 gravet
1436 952 1514 1014 inv
1551 952 1768 1034 aliquo
1815 952 2121 1033 notarios,
2171 972 2366 1035 quam
2413 954 2587 1037 quod
2634 955 2982 1037 compellat

417 1061 592 1141 ipsos
656 1080 772 1141 per
834 1059 1268 1141 privacionem
1333 1079 1554 1140 cause,
1620 1060 1688 1122 in
1753 1081 1882 1141 qua
1934 1060 2281 1143 registrum
2335 1067 2435 1125 est
2488 1061 2853 1143 videndum,
2922 1064 2981 1126 si

417 1171 635 1248 partes
675 1165 903 1229 divites
945 1167 1078 1229 sive
1123 1186 1439 1247 pauperes
1489 1167 1790 1247 existant,
1840 1167 1994 1249 quia
2040 1166 2215 1232 dives
2262 1189 2380 1251 pro
2428 1189 2713 1252 paupere
2759 1169 2976 1234 solvit.

416 1272 495 1336 In
528 1273 672 1355 alijs
714 1294 909 1355 quam
947 1292 1201 1353 semper
1233 1269 1321 1357 [Ρ]
1358 1273 1635 1353 registra
1665 1273 2032 1338 huiusmodi
2064 1295 2405 1338 causarum
2436 1296 2788 1358 numquam
2826 1299 2978 1341 con-

419 1379 638 1444 cludat
683 1385 798 1445 aut
841 1379 1071 1443 saltem
1118 1380 1515 1443 sentenciam
1560 1380 1628 1442 in
1677 1402 1874 1445 causa
1919 1380 2085 1446 feret
2120 1383 2213 1445 sic
2259 1381 2645 1464 completam
2693 1390 2757 1447 et
2810 1383 2977 1449 bene

415 1487 864 1566 rubricatam,3
909 1485 1084 1561 salvo
1118 1484 1291 1567 quod
1333 1484 1607 1550 eundem
1641 1486 1971 1552 dominum
2018 1487 2379 1553 auditorem
2424 1489 2550 1572 ipsi
2595 1491 2854 1574 notarij,
2903 1496 2978 1554 ut-

417 1599 516 1658 est
561 1593 777 1675 moriS,
827 1594 1167 1673 associent,
1224 1598 1291 1657 et
1345 1614 1489 1656 cum
1544 1592 1717 1657 idem
1773 1593 2069 1659 dominus
2137 1595 2393 1660 auditor
2455 1597 2853 1665 sentenciam
2907 1599 2975 1661 in

417 1722 615 1765 causa
676 1700 1085 1782 promulgare
1148 1698 1439 1781 voluerit,
1504 1700 1850 1783 registrum
1913 1701 2279 1766 huiusmodi
2344 1722 2539 1768 cause
2594 1724 2740 1766 cum
2801 1703 2976 1768 dicto

415 1807 668 1871 notario
725 1827 946 1886 cause,
1015 1807 1107 1870 si4
1175 1807 1434 1870 termini
1487 1807 1653 1872 bene
1710 1808 1949 1872 servati
2005 1806 2248 1873 fuerint
2311 1815 2376 1874 et
2437 1814 2637 1873 testes
2694 1811 2815 1875 rite
2874 1832 2974 1874 re-

417 1914 615 1996 cepti,
672 1919 737 1977 et
800 1913 1029 1978 deinde
1103 1915 1365 1978 testium
1444 1914 1811 1979 huiusmodi
1884 1917 2342 1981 attestaciones
2420 1915 2762 1998 diligenter
2826 1939 2976 1982 aus·-

416 2020 616 2084 cultet
660 2026 726 2083 et
762 2020 916 2102 jura
958 2020 1181 2104 partis,
1294 2021 1523 2085 Eciam
1570 2021 1789 2087 videat
1833 2022 2129 2087 dominus
2177 2022 2452 2105 auditor,
2502 2024 2557 2087 si
2603 2022 2977 2089 huiusmodi

414 2128 618 2209 partis
649 2127 792 2191 iura
823 2127 1215 2193 concordant
1252 2129 1319 2191 in
1367 2127 1535 2193 datis
1581 2150 1832 2193 necnon
1879 2151 2048 2193 anno
2095 2130 2358 2211 domini,
2404 2129 2775 2212 indictione,
2813 2154 2976 2214 pon-

413 2233 682 2315 tificatu,
749 2240 815 2298 et
873 2235 967 2298 sic
1030 2234 1326 2299 dominus
1392 2234 1650 2300 auditor
1704 2257 1897 2300 cause
1954 2257 2258 2319 magnam
2303 2244 2370 2303 et
2414 2238 2651 2302 bonam
2696 2237 2976 2304 formam

416 2342 708 2423 acquitet
734 2343 801 2406 in
833 2341 1032 2423 brevi,
1082 2349 1148 2406 et
1184 2364 1331 2406 raro
1365 2344 1501 2407 eius
1534 2344 1880 2425 sentencie,
1929 2344 1985 2407 si
2032 2343 2390 2426 diligenter,
2438 2350 2511 2408 ut
2555 2346 2975 2428 premittitur,

416 2454 736 2531 operetur,
779 2455 1182 2514 revocentur.

559 2629 575 2659 ¹
606 2628 839 2682 Hdschr.
868 2629 1315 2682 distribucionem
1345 2630 1796 2683 commissionem.
1920 2630 1941 2659 '²
1963 2629 2199 2683 Hdschr.
2229 2631 2564 2686 observetur.
2675 2631 2698 2662 ³
2733 2632 2978 2687 Hdschr.

414 2718 748 2786 completum
787 2722 844 2770 et
880 2718 1021 2771 bene
1048 2718 1417 2771 rubricatum.
1586 2716 1608 2748 4
1647 2717 1881 2771 Hdschr.
1920 2724 2018 2772 aut
2054 2721 2116 2773 si.

1481 2936 1905 2943 ——————

1334 3090 2048 3172 Berichtigungen.

413 3235 560 3290 Seite
634 3243 666 3290 9
705 3235 853 3289 Zeile
897 3240 960 3289 10
997 3255 1049 3291 ν.
1076 3254 1125 3290 ο.
1164 3235 1289 3289 lies:
1330 3241 1385 3289 et
1402 3236 1724 3305 simpliciter
1741 3240 1975 3290 anstatt:
2014 3235 2292 3290 Similiter.
2331 3236 2447 3291 Der
2472 3236 2662 3291 Punkt
2689 3256 2788 3293 vor
2813 3238 2978 3293 Simi-

1154 3323 1280 3377 liter
1315 3327 1388 3378 ist
1422 3343 1490 3378 zu
1528 3325 1719 3395 tilgen.

1161 3413 1228 3466 In
1265 3414 1365 3468 der
1400 3413 1565 3468 Anm.
1593 3420 1623 3468 3
1663 3416 1734 3468 ist
1769 3432 1838 3466 zu
1874 3414 2170 3468 streichen:
2210 3414 2472 3469 Hdschr.:
2512 3416 2862 3485 Simpliciter.

484 3545 514 3572 „
594 3511 658 3557 10
757 3545 787 3571 „
884 3509 949 3556 10
986 3523 1038 3558 v.
1066 3521 1115 3556 0.
1155 3503 1278 3558 lies:
1319 3505 1613 3574 continget.
1676 3503 1745 3556 In
1778 3504 1957 3557 causis
1983 3509 2084 3558 etc.
2111 3508 2344 3557 anstatt:
2384 3505 2665 3575 continget
2688 3506 2747 3558 in
2773 3507 2973 3560 causis,

777 3635 789 3661 ,
886 3598 944 3645 11
988 3612 1040 3647 v.
1068 3610 1117 3646 0.
1157 3592 1470 3661 deputatae,
1508 3610 1697 3646 omnes
1734 3598 1946 3647 anstatt
1980 3593 2294 3662 deputatus.
2370 3591 2575 3648 Omnes
2611 3599 2711 3649 etc.

486 3724 515 3749 „
592 3687 660 3736 39
759 3723 789 3749 ,‚
923 3687 947 3734 1
990 3700 1043 3736 v.
1071 3699 1123 3735 u.
1163 3681 1287 3736 lies:
1325 3682 1554 3737 worden
1576 3687 1735 3736 statt:
1775 3682 2013 3736 werden.

485 3811 515 3837 ,‚
591 3776 660 3824 60
756 3812 787 3839 „
885 3776 949 3823 14
987 3790 1039 3825 v.
1066 3789 1115 3824 o.
1154 3771 1278 3825 lies:
1318 3777 1499 3826 vestre
1535 3776 1693 3825 statt:
1732 3776 1934 3825 nostre.

484 3902 514 3929 „
560 3866 658 3914 109
757 3901 786 3926 ,,
881 3865 942 3912 21
986 3879 1037 3914 v.
1066 3878 1114 3913 ο.
1153 3860 1277 3914 lies:
1315 3860 1573 3914 simulate
1608 3865 1767 3914 statt:
1805 3859 2081 3914 simulare.

485 3992 515 4018 „
559 3955 660 4001 112
758 3990 789 4016 ,,
922 3954 946 4000 1
988 3966 1040 4002 v.
1066 3966 1116 4002 ο.
1155 3949 1279 4003 lies:
1317 3951 1584 4018 premissa
1601 3954 1812 4003 anstatt
1833 3950 2166 4018 precedente
2185 3951 2322 4003 und:
2349 3949 2568 4003 sublato
2592 3954 2823 4003 anstatt:
2851 3950 2975 4004 sub.

485 4080 515 4106 „
558 4043 659 4091 122
757 4079 787 4106 ,,
917 4042 948 4089 5
987 4056 1039 4092 ν.
1067 4056 1115 4091 ο.
1155 4045 1386 4108 erganze
1425 4037 1588 4091 Anm.
1616 4056 1684 4090 zu
1719 4039 2151 4108 predicatorum:
2191 4033 2322 4090 muss
2345 4033 2567 4091 heissen:
2607 4040 2900 4092 minorum.

917 4132 948 4179 5
987 4145 1037 4181 v.
1065 4145 1117 4180 u.
1155 4127 1278 4180 lies:
1326 4126 1546 4180 sublato
1591 4127 1981 4197 appellationis
2026 4127 2310 4182 obstaculo
2356 4132 2586 4180 anstatt:
2632 4127 2737 4181 sub
2782 4129 2975 4197 appel-

398 4284 402 4289 ,
1154 4217 1374 4269 lationis
1410 4216 1659 4269 obtenta.

486 4347 515 4373 ‚,
560 4310 661 4358 1630
704 4371 708 4376 ι
759 4346 790 4373 ,,
922 4309 951 4358 7
990 4324 1042 4359 ν.
1069 4321 1118 4358 ο.
1158 4304 1281 4359 lies:
1320 4304 1612 4358 abstinere.
1676 4305 1792 4360 Nec
1827 4310 2058 4360 anstatt:
2096 4306 2373 4360 abstinere
2409 4323 2512 4360 nee
2548 4311 2649 4360 etc.

485 4435 515 4462 „
559 4399 658 4447 162
756 4436 787 4463 ,,
921 4399 953 4446 4
991 4413 1044 4450 v.
1070 4412 1123 4448 u.
1161 4394 1417 4449 streiche:
1457 4393 1657 4463 [quas]

485 4524 514 4550 „
555 4488 657 4535 208
756 4524 786 4551 ,,
920 4489 952 4536 9
990 4501 1042 4537 v.
1069 4501 1118 4538 0.
1156 4483 1256 4537 lies
1293 4482 1411 4537 Fol.
1444 4482 1578 4535 111b
1614 4489 1849 4538 anstatt:
1893 4483 2046 4537 112b.
