3242 5184
1528 284 2015 347 Μ-162--

495 478 611 543 per
669 462 844 543 ipsos
906 461 1235 526 auditores
1294 459 1612 524 dictarum
1675 481 2017 524 causarum
2077 480 2273 541 quam
2331 480 2449 542 per
2502 461 2791 524 notarios
2834 462 2903 524 in
2950 463 3040 525 eis

495 566 850 632 scribentes
899 567 1020 632 sub
1070 565 1281 649 sigillo
1328 565 1655 631 credentie
1701 572 2062 632 teneantur.

669 673 836 738 Item
884 673 1077 757 quod,
1126 672 1384 756 quando
1431 677 1632 738 testes
1679 679 1832 738 sunt
1877 673 1976 738 vel
2024 673 2265 737 fuerint
2308 675 2376 737 in
2423 675 2604 741 curia
2634 675 3043 739 examinandi
3089 704 3094 715 1

491 783 561 844 in
607 783 842 863 causis,
890 801 1016 864 que
1063 782 1131 844 in
1179 780 1350 844 dicto
1398 781 1642 863 palatio
1674 780 2088 862 ventilantur,
2136 781 2203 844 in
2235 782 2494 863 punctis
2527 781 2749 845 arduis
2783 782 3042 846 eosdem

174 889 292 944 Fol·
331 895 399 945 83
416 889 455 944 ¹³·
493 893 693 953 testes
740 909 856 971 per
902 908 971 952 se
1017 887 1172 952 dicti
1197 891 1222 970 ΙΙ
1247 864 1617 951 examinent
1662 886 2011 953 auditores,

758 1118 1100 1184 Rubrica
1146 1119 1236 1184 de
1280 1120 1614 1202 notarijs
1662 1119 1995 1203 palatij.¹

667 1278 769 1345 De
802 1280 1189 1363 supradictis
1210 1300 1469 1362 quoque
1498 1280 1771 1363 notarijs
1805 1280 2176 1345 eorumdem
2209 1279 2577 1345 auditorum
2610 1281 3042 1346 scribentibus

490 1389 557 1452 in
605 1389 820 1452 causis
867 1386 997 1451 illis
1045 1387 1404 1452 commissis
1453 1386 1752 1450 similiter
1799 1387 2143 1461 statuendo
2191 1392 2257 1451 61
2311 1387 2669 1452 ordinando
2712 1388 3042 1472 subiungi·

491 1516 635 1558 mus
659 1544 675 1577 ,
742 1494 913 1576 quod
979 1493 1318 1577 diligentes
1380 1499 1446 1557 61
1509 1494 1742 1558 attenti
1806 1495 2089 1559 existant
2144 1495 2211 1557 in
2273 1495 2615 1559 commisso
2681 1496 2773 1559 eis
2840 1494 3041 1560 offitio

489 1601 722 1684 notarij
777 1600 1105 1683 prelibati,
1164 1600 1467 1683 quodque
1526 1599 1806 1665 fideliter
1852 1607 1919 1665 et
1962 1601 2211 1665 solicite
2259 1600 2548 1665 scribant
2593 1607 2659 1666 et
2702 1608 3044 1667 exerceant

490 1707 764 1773 offitium
812 1706 1240 1788 antedictum,
1303 1713 1368 1772 et
1425 1706 1597 1790 quod
1659 1728 1699 1772 a
1756 1706 2053 1790 partibus
2100 1707 2200 1771 vel
2246 1707 2466 1789 aliquo
2514 1728 2736 1772 earum
2783 1710 3044 1774 nomine

488 1815 688 1879 nichil
747 1816 1094 1897 recipiant,
1154 1816 1279 1879 nisi
1325 1821 1520 1897 prout
1564 1820 1666 1878 est
1709 1814 1878 1877 infra
1925 1805 2334 1897 distinctum,
2392 1820 2687 1880 taxatum
2734 1822 2801 1881 et
2849 1817 3043 1881 etiam

489 1922 879 1987 ordinatum.
974 1921 1384 1986 Contrarium
1431 1942 1582 1985 vero
1630 1920 1939 1985 facientes
1988 1920 2255 2003 duplum
2302 1923 2644 1986 restituere
2675 1928 3041 1987 teneantur

665 2028 832 2094 Item
897 2029 1069 2111 quod
1133 2028 1352 2093 nullus
1419 2028 1793 2093 eorumdem
1857 2028 2298 2092 notariorum2
2361 2030 2428 2091 in
2507 2029 2731 2093 eodem
2795 2030 3042 2113 palatio

490 2136 737 2200 scribat
778 2137 846 2199 in
892 2138 1104 2201 causis
1152 2157 1370 2200 coram
1418 2135 1636 2217 aliquo
1683 2135 1887 2218 ipsius
1934 2134 2159 2218 palatij
2196 2134 2513 2217 auditore,
2560 2137 2687 2200 nisi
2715 2137 2901 2219 prius
2932 2158 3045 2219 per

488 2241 1084 2307 vicecancellarium
1142 2243 1241 2307 vel
1302 2243 1500 2306 alium
1560 2242 1641 2306 de
1697 2243 1835 2306 eius
1884 2241 2151 2325 speciali
2196 2241 2504 2307 mandato
2550 2242 2628 2306 de
2673 2243 3044 2308 litteratura

489 2354 554 2412 et
600 2350 921 2432 scriptura
966 2348 1362 2414 sufficienter
1393 2348 1476 2413 ad
1507 2348 1878 2413 huiusmodi
1908 2349 2269 2413 notariatus
2304 2347 2579 2413 offitium
2609 2350 3039 2414 exercendum

489 2457 892 2520 examinatus
958 2477 1035 2521 ac
1099 2456 1179 2521 de
1237 2456 1371 2520 vita
1427 2462 1493 2520 et
1550 2456 2038 2520 conversatione
2092 2456 2299 2538 ipsius
2354 2454 2725 2521 informatio
2780 2463 3042 2540 recepta

488 2583 737 2627 necnon
785 2562 1180 2645 approbatus
1226 2562 1424 2627 fuerit
1467 2583 1584 2646 per
1630 2561 1905 2628 eundem
1952 2583 2028 2626 ac
2059 2563 2256 2627 etiam
2286 2564 2716 2627 iuramentum
2747 2564 2815 2627 in
2849 2585 3041 2628 manu

487 2669 994 2752 vicecancellarii
1045 2670 1404 2752 prestiterit
1446 2671 1514 2734 in
1559 2669 1684 2735 hac
1730 2669 1974 2735 forma:

752 2901 1030 2966 Forma
1073 2903 1494 2966 iuram-enti
1540 2903 2019 2966 notariorum
2065 2901 2203 2965 1160
2250 2902 2429 2966 est.3

664 3062 803 3145 Ego
844 3111 859 3128 .
896 3112 910 3127 .
950 3063 1100 3127 talis
1147 3063 1437 3127 notarius
1484 3063 1634 3127 talis
1682 3062 1996 3126 auditoris
2045 3062 2458 3126 commissum
2516 3061 2709 3126 michi
2765 3062 3036 3126 offitium

487 3168 735 3235 solicite
773 3176 839 3234 et
868 3168 1148 3234 fideliter
1193 3168 1528 3251 exercebO,
1576 3191 1616 3233 a
1652 3168 1949 3252 partibus
1998 3189 2227 3232 causas
2274 3167 2661 3232 habentibus
2709 3169 2810 3232 vel
2859 3169 3034 3233 habi-

485 3276 649 3339 turis
667 3325 683 3357 ,
729 3277 796 3339 in
857 3275 1092 3358 quibus
1153 3297 1296 3341 sum
1350 3276 1449 3340 vel
1505 3274 1688 3340 fuero
1742 3277 2034 3341 notarius
2090 3274 2459 3357 deputatuS,
2515 3275 2615 3339 vel
2670 3275 2753 3339 ab
2816 3296 3034 3340 earum

485 3382 705 3463 aliqua
751 3403 864 3446 seu
912 3405 951 3447 a
996 3403 1380 3465 quocunque
1428 3382 1554 3447 alio
1603 3404 1827 3447 earum
1873 3384 2132 3448 nomine
2179 3383 2405 3463 quovis
2454 3381 2666 3446 colore
2699 3402 2816 3446 seu
2849 3381 3032 3446 modo

485 3491 756 3571 quesitis
819 3490 1018 3554 nichil
1080 3491 1390 3573 recipiam
1456 3488 1630 3553 ultra
1692 3490 2090 3554 taxationem
2154 3511 2271 3573 per
2336 3489 2666 3553 dominum
2743 3495 3030 3554 nostrum

485 3595 814 3660 dominum
845 3595 1202 3661 Iohannem
1233 3595 1457 3662 XXII.
1493 3617 1815 3660 summum
1846 3595 2217 3679 pontificem
2251 3617 2447 3680 super
2480 3595 2603 3659 hoc
2651 3595 3029 3660 ordinatam.

483 3702 744 3770 Nullam
785 3724 1050 3768 causam
1081 3703 1278 3768 michi
1309 3704 1627 3768 committi
1674 3702 2084 3768 scribendam
2129 3701 2491 3785 procurabo
2546 3722 2667 3765 1160
2713 3701 3027 3766 adhibebo

481 3812 858 3875 instantiam
891 3810 1176 3892 aliquam
1208 3811 1275 3874 in
1305 3809 1428 3874 hac
1458 3816 1664 3893 parte.
1731 3809 1874 3875 Non
1907 3830 2018 3874 ero
2048 3816 2382 3893 promotor
2412 3829 2527 3873 seu
2557 3815 2939 3892 procurator
2966 3808 3025 3870 in

484 3918 717 3999 060313,
740 3938 867 3999 que
900 3939 1118 3983 coram
1151 3917 1446 3982 auditore
1477 3937 1620 3982 meo
1655 3918 1986 3999 agitantur
2017 3937 2131 3981 seu
2165 3918 2386 4003 [quas]
2420 3916 2655 3998 agitari
2686 3918 3021 3998 continget.

481 4024 558 4088 In
607 4027 820 4089 causis
868 4025 1198 4108 predictiS,
1245 4025 1313 4086 in
1359 4023 1597 4106 quibus
1647 4045 1789 4087 sum
1835 4022 1936 4088 vel
1985 4023 2189 4104 fuer0,
2237 4029 2312 4087 ut
2354 4022 2696 4105 prefertur,
2743 4029 3023 4086 notanus

482 4132 860 4214 deputatuS,
928 4152 1149 4197 omnes
1198 4137 1380 4195 actus
1431 4130 1805 4195 iudiciarios
1868 4128 2385 4195 substantialiter
2446 4130 2514 4193 in
2578 4128 2865 4193 manuali
2917 4146 3020 4192 seu

480 4238 839 4303 memoriali
875 4240 942 4302 in
982 4238 1295 4303 auditoris
1334 4239 1461 4302 mei
1496 4240 1828 4319 presentia
1866 4243 1930 4300 et
1967 4237 2161 4301 etiam
2199 4237 2503 4319 partium,
2553 4238 2608 4300 si
2643 4235 2767 4299 hoc
2807 4253 3017 4318 expec-

660 4472 676 4502 ¹
714 4472 826 4525 Am
863 4469 1021 4525 Ende
1057 4468 1154 4524 des
1191 4468 1680 4542 vorhergehenden
1717 4468 2058 4524 Abschnitts.
2222 4466 2244 4500 ²
2279 4469 2365 4523 Im
2400 4467 2544 4523 Text
2579 4468 2905 4535 auditorum,
2939 4468 3017 4519 rot

480 4559 928 4629 durchstrichen,
984 4560 1099 4613 und
1154 4575 1245 4613 am
1300 4558 1528 4628 Raude,
1585 4577 1696 4615 von
1751 4559 1850 4614 der
1903 4557 2072 4612 Hand
2129 4559 2225 4612 des
2280 4557 2619 4612 Schreibcrs.
2675 4557 3011 4612 notariorum.

480 4649 501 4679 ³
538 4649 649 4702 Am
686 4649 843 4709 Ende
881 4649 976 4704 des
1014 4647 1502 4720 vorhergehenden
1537 4646 1877 4704 Absehnitts.
