3242 5184
131 1337 249 1391 Fol.
292 1341 357 1390 72
369 1344 407 1390 ⁸.

1472 324 1559 331 ψ.-
1658 285 1778 346 140
1871 324 1958 329 ψ.-

447 459 590 546 larij
634 462 904 545 singulis
943 461 1215 546 notarijs
1248 461 1446 527 semel
1477 462 1544 526 in
1576 460 1939 528 ebdomada
1969 456 2204 524 XVIII
2235 478 2457 543 panes,
2504 456 2662 521 item
2691 453 2758 519 X
2787 453 3009 540 petias

448 569 758 650 carnium,
805 569 960 633 item
1006 567 1074 633 X
1118 569 1314 634 tatias
1360 569 1512 650 vini,
1568 569 1664 633 ita
1710 567 1881 652 quod
1929 564 2454 632 vicecancellario
2501 567 2838 629 remanent
2880 583 3011 646 pro

447 675 742 759 qualibet
787 675 891 740 die
932 674 1167 741 XVIII
1212 698 1432 760 paneS,
1481 674 1577 740 VI
1622 676 1783 741 tatie
1831 676 1960 739 vini
2009 680 2074 739 et
2104 671 2272 737 VIII
2317 672 2490 756 petie
2523 670 2834 735 carnium.
2915 668 3014 734 Et

448 784 503 848 si
566 804 871 848 numerus
938 784 1339 849 notariorum
1401 784 1630 869 plenus
1686 805 1814 849 non
1868 782 2084 862 fuerit,
2148 786 2304 844 tunc
2357 784 2576 863 partes
2632 776 3015 842 absentium

450 889 689 956 debent
749 889 947 954 dividi
1009 890 1180 955 inter
1241 891 1840 956 vicecancellarium
1896 894 1961 954 et
2023 889 2312 953 notarios
2375 891 2726 970 presentes.
2830 882 3015 948 Item

450 997 644 1063 debet
686 996 927 1062 habere
957 997 1521 1063 vicecancellarius
1569 998 1840 1081 singulis
1872 996 2003 1062 VH
2050 994 2276 1061 diebus
2319 992 2675 1059 ebdomade
2706 990 2811 1056 III
2855 1012 3015 1075 pre-

447 1103 694 1169 bendas
770 1126 1058 1186 annone,
1134 1104 1237 1169 die
1308 1125 1458 1170 vero
1533 1104 1792 1170 sabbati
1862 1103 1994 1169 VII
2065 1101 2428 1187 prebendas
2493 1119 2780 1180 annone,
2843 1098 3015 1162 item

451 1210 749 1276 XXXVI
794 1233 1018 1295 panes,
1066 1212 1224 1276 item
1268 1211 1432 1277 XVI
1478 1212 1675 1276 tatias
1722 1213 1874 1294 vini,
1922 1213 2077 1276 item
2123 1207 2421 1274 XXXVI
2452 1229 2574 1273 ova
2620 1228 2660 1272 a
2704 1205 3017 1289 panetria

450 1324 515 1383 et
568 1318 839 1383 totidem
894 1340 934 1383 a
988 1319 1284 1402 coquina,
1318 1324 1343 1403 ΙΙ
1377 1319 1456 1383 de
1512 1318 1748 1401 quibus
1805 1341 1933 1384 non
1990 1318 2183 1383 debet
2238 1316 2393 1380 dare
2441 1320 2695 1399 partem
2740 1314 2943 1378 alicui
2965 1314 3009 1377 ¹.

448 1424 697 1490 Diebus
761 1446 913 1492 vero
969 1425 1242 1490 Veneris
1308 1431 1374 1490 et
1425 1426 1810 1491 ieiuniorum
1877 1426 2209 1491 consuevit
2269 1424 2559 1506 recipere
2615 1420 3013 1487 cancellaria

451 1533 663 1598 cicera
693 1556 820 1598 non
854 1538 1057 1614 cocta,
1107 1532 1186 1597 de
1218 1532 1475 1616 quibuS,
1510 1534 1564 1597 si
1599 1535 1836 1617 aliquis
1884 1534 2176 1598 notarius
2223 1531 2517 1613 voluerit,
2564 1535 2818 1613 partem
2850 1523 3008 1592 con-

453 1640 663 1704 suevit
726 1639 849 1705 sibi
916 1639 1075 1704 dari.
1168 1639 1336 1704 Item
1402 1641 1734 1706 consuevit
1796 1639 2037 1705 habere
2101 1637 2667 1703 vicecancellarius
2733 1635 3011 1718 singulis

451 1746 780 1811 mensibus
812 1746 1139 1812 ΧΧΙΙΙΙ(ΗΓ
1171 1746 1410 1813 solidos
1447 1770 1564 1831 pro
1597 1747 1785 1810 ferris
1834 1767 2145 1829 equorum
2193 1751 2258 1810 et
2303 1745 2530 1829 paleiS.
2608 1742 2776 1808 Item
2808 1742 3014 1807 debet

450 1852 692 1919 habere
739 1854 1008 1937 singulis
1039 1853 1369 1918 mensibus
1416 1876 1533 1938 pro
1581 1852 1874 1917 caulibus
1905 1842 1988 1917 ⁴et
2018 1853 2187 1936 folijs
2233 1852 2339 1916 III
2368 1851 2591 1932 libraS,
2640 1850 2720 1916 de
2766 1849 3013 1933 quibus

451 1966 710 2025 tenetur
757 1961 912 2027 dare
968 1961 1249 2026 auditori
1291 1960 1840 2026 contradictarum
1896 1959 2024 2023 XV
2080 1959 2318 2024 solidos
2374 1965 2441 2023 et
2488 1957 2835 2023 correctori
2874 1955 3013 2021 XV

453 2067 713 2133 solidos.
804 2068 973 2133 Item
1019 2068 1213 2134 debet
1256 2069 1544 2151 recipere
1591 2089 1708 2151 per
1746 2067 1816 2131 Π
1861 2068 2031 2132 vices
2076 2068 2143 2130 in
2190 2088 2360 2131 anno
2391 2065 2529 2130 XII
2557 2064 2782 2147 libraS,
2828 2065 3011 2129 vide-

451 2174 606 2240 licet
651 2174 746 2240 VI
791 2175 992 2240 libras
1038 2198 1155 2259 pro
1212 2174 1464 2240 duabus
1521 2175 1791 2258 goneHis
1847 2197 1963 2259 pro
2025 2173 2290 2239 dimidio
2348 2196 2516 2239 anno
2579 2178 2645 2238 et
2689 2171 2785 2236 VI
2840 2172 3012 2236 alias

451 2304 568 2366 pro
615 2282 743 2348 alio
790 2274 1075 2348 dimidio.
1167 2282 1335 2347 Item
1383 2282 1577 2348 debet
1622 2283 1910 2365 recipere
1957 2287 2201 2346 certam
2249 2281 2681 2364 quantitatem
2735 2280 3011 2363 pecunie

451 2411 568 2472 pro
616 2388 918 2454 barberio
965 2395 1031 2454 et
1076 2396 1320 2454 certam
1367 2412 1483 2474 pro
1530 2390 1823 2473 togaleiS.
1903 2388 1981 2452 In
2014 2387 2513 2471 quadragesima
2553 2393 2771 2452 autem
2818 2387 3011 2470 panis

453 2501 519 2560 et
562 2496 782 2560 vinum
815 2495 1188 2560 dividuntur
1233 2496 1430 2572 modov
1468 2496 1779 2580 predicto.
1873 2495 2095 2560 Pisces
2143 2516 2315 2577 vero,
2366 2496 2476 2577 qui
2509 2494 2747 2558 dantur
2794 2499 2895 2558 ter
2938 2494 3012 2557 in

454 2604 837 2687 septimana,
884 2608 952 2668 et
992 2603 1174 2685 ficuS,
1224 2605 1336 2685 qui
1377 2604 1614 2668 dantur
1645 2604 1745 2667 bis
1783 2605 1849 2668 in
1897 2601 2278 2683 ebdomada,
2328 2601 2699 2666 dividuntur
2743 2602 2811 2664 in
2844 2600 3011 2664 duas

454 2709 720 2792 equales
766 2715 1006 2794 partes,
1064 2732 1339 2794 quarum
1384 2732 1515 2774 una
1561 2716 1662 2775 est
1706 2710 2232 2775 vicecancellario
2280 2715 2345 2773 et
2390 2709 2522 2773 alia
2568 2707 2762 2772 debet
2810 2706 3014 2771 dividi

453 2819 624 2881 inter
676 2817 981 2882 notarios
1072 2815 1174 2882 De
1232 2817 1516 2901 piscibus
1565 2823 1782 2883 autem
1829 2816 2068 2882 debent
2110 2815 2350 2881 habere
2407 2816 2640 2899 notarij
2692 2815 3011 2897 aliquam-

454 2924 662 2989 tulum
708 2924 1041 2990 meliorem
1086 2929 1359 3007 partem,
1408 2925 1576 2989 sicut
1621 2930 1687 2988 et
1732 2924 1812 2988 de
1860 2923 2183 2989 carnibus,
2275 2922 2352 2986 In
2400 2922 2741 2987 nativitate
2789 2928 3014 2987 autem

456 3031 699 3096 domini
745 3037 811 3095 et
855 3030 1003 3115 alijs
1050 3031 1446 3097 solemnibus
1492 3030 1956 3096 festivitatibus
2004 3031 2145 3096 fieri
2182 3035 2652 3095 consueverunt
2696 3029 3016 3112 pictantie

454 3143 590 3203 tam
655 3137 734 3202 de
798 3138 1083 3222 piscibus
1148 3159 1345 3223 quam
1410 3138 1490 3205 de
1555 3137 1858 3204 carnibus
1924 3137 2163 3219 crudis,
2230 3158 2355 3220 que
2411 3135 2785 3201 dividuntur
2840 3136 3015 3201 sicut

453 3244 745 3311 vivande.

725 3515 1001 3582 Forma
1045 3518 1607 3599 rescriptorum
1655 3515 2102 3581 introducta
2149 3537 2236 3580 ex
2282 3515 2624 3598 antiquo.

513 3730 519 3735 .
637 3677 824 3743 Anno
858 3676 1098 3742 domini
1130 3677 1469 3743 millesimo
1503 3676 1943 3742 ducentesimo
1977 3676 2453 3760 septuagesimo
2485 3680 2710 3740 octavo
2754 3674 2861 3739 die
2902 3674 3019 3761 [ἱ]2

456 3784 872 3869 pontificatus
938 3783 1181 3849 domini
1240 3784 1509 3868 Nicolay
1564 3806 1730 3868 pape
1786 3783 1910 3848 ΠΙ.
1969 3806 2138 3849 anno
2193 3784 2419 3867 primo.
2515 3782 2675 3846 Cum
2732 3781 3017 3864 quedam

458 3891 688 3956 cedula
719 3892 1054 3956 continens
1094 3891 1332 3956 formas
1370 3892 1734 3956 litterarum
1767 3891 2267 3975 apostolicarum
2297 3890 2743 3972 infrascriptas
2791 3888 3021 3954 oblata

458 4005 632 4064 esset
684 3998 915 4063 eidem‘
950 3998 1207 4064 domino
1253 4020 1370 4082 per
1423 3999 2044 4079 vicecanceHarium,
2091 3997 2263 4062 idem
2303 3997 2599 4063 dominus
2648 3994 2839 4060 dictis
2888 3996 3016 4060 for-

458 4106 581 4171 mis
628 4106 937 4190 inspectis
971 4111 1037 4170 et
1067 4105 1395 4188 discussis,
1444 4106 1855 4190 presentibus
1904 4104 2129 4171 eodem
2176 4102 2703 4169 vicecancellario
2760 4109 2829 4167 et
2873 4103 3016 4186 qui-

458 4213 735 4278 busdam
780 4213 1074 4297 notarijS,
1123 4213 1302 4278 dedit
1362 4220 1608 4279 certum
1665 4213 1945 4294 modum,
2004 4234 2195 4295 quem
2244 4211 2417 4275 circa
2463 4210 2723 4275 easdem
2771 4209 3015 4276 formas

457 4320 598 4385 vult
634 4320 983 4402 observari,
1032 4342 1366 4403 quousque
1412 4320 1589 4385 aliud
1640 4320 1895 4385 duxerit
1940 4318 2388 4384 ordinandum.

641 4573 658 4604 ¹
696 4573 805 4629 Am
832 4576 1036 4631 oberen
1062 4575 1256 4628 Rande
1280 4592 1391 4629 von
1415 4574 1649 4628 anderer
1673 4573 1840 4625 Hand
1865 4572 1991 4626 sehr
2027 4568 2373 4625 undeutlich:
2414 4568 2592 4624 forma
2626 4570 3015 4640 rescriptorum

454 4664 707 4738 antiqua,
927 4667 947 4697 ²
983 4665 1209 4726 Austatt
1246 4666 1333 4723 die
1374 4682 1521 4721 muss
1558 4682 1616 4718 es
1653 4663 1892 4718 heissen:
1932 4660 2063 4716 XII.
2103 4661 2230 4716 Kal.
2270 4660 2533 4715 Februar.
