3242 5184
1431 296 1922 359 -144—

406 475 723 540 redimere
782 473 1065 538 decimas
1123 472 1205 537 de
1262 472 1564 537 manibus
1622 473 1953 557 laycorum
2001 471 2081 536 de
2129 491 2447 535 consensu
2491 469 2761 533 rectoris
2810 489 2965 552 par-

407 580 710 647 rochialis
758 580 1027 644 ecclesie
1077 629 1090 643 .
1127 629 1141 644 .
1192 585 1258 643 et
1303 579 1668 663 dyocesani.

583 688 751 752 Item
783 687 1279 769 compositiones
1313 693 1379 750 et
1409 686 1681 751 arbitria
1711 687 1834 750 rite
1864 686 2000 750 lata
2031 684 2521 749 confirmantur:
2558 683 2780 765 „Sicut
2809 704 2970 766 pro-

406 797 615 860 vide“.
705 794 795 857 Et
843 793 899 857 si
954 800 1186 876 agatur
1232 793 1312 857 de
1361 792 1626 858 decimis
1671 793 1772 857 vel
1820 792 2267 877 spiritualibus
2313 791 2508 856 rebus
2557 790 2842 854 additur:
2898 796 2975 853 et

407 905 474 967 in
521 901 795 968 alicuius
841 883 1259 983 preiuditium
1304 922 1433 964 non
1478 899 1864 964 redundant.

586 1007 715 1073 Sed
753 1011 1045 1070 servetur
1088 1007 1153 1070 in
1203 1027 1428 1072 earum
1474 1008 1910 1088 concessione,
1959 1005 2134 1088 quod
2180 1006 2423 1070 dictum
2471 1010 2572 1069 est
2616 1006 2682 1068 in
2728 1003 2976 1068 cedula

410 1117 490 1180 de
543 1115 777 1179 litteris
834 1134 1030 1196 super
1083 1113 1681 1179 confirmationibus
1731 1114 2197 1178 sententiarum
2253 1113 2319 1174 in
2373 1111 2582 1175 forma
2636 1111 2973 1175 communi

411 1221 662 1287 dandis„

587 1328 755 1392 Item
811 1327 1070 1410 quando
1126 1327 1398 1392 clericus
1447 1329 1746 1391 convenit
1791 1327 2097 1391 clericum
2143 1348 2359 1391 coram
2405 1325 2616 1389 iudice
2665 1324 2972 1402 seculari,

412 1436 718 1501 scribitur
747 1435 1110 1517 dyocesano
1141 1435 1243 1499 vel
1273 1434 1491 1514 iudici,
1541 1434 1713 1516 quod
1746 1436 1975 1517 puniat
2004 1435 2070 1497 in
2105 1434 2229 1497 hoc
2275 1438 2561 1497 actorem
2607 1429 2973 1496 secundum

413 1544 755 1608 canonicas
803 1544 1189 1607 sanctiones,

588 1648 757 1713 Item
801 1647 1262 1731 Hospitalarijs
1310 1654 1376 1712 et
1420 1648 1739 1713 similibus
1787 1649 1980 1713 datur
2023 1648 2243 1712 littera
2286 1652 2513 1711 contra
2557 1646 2755 1710 falsos
2800 1666 2974 1708 nun-

412 1758 539 1820 tios
587 1776 702 1820 seu
748 1756 1156 1837 questuarios
1203 1775 1425 1820 eorum
1471 1757 1731 1820 nomine
1778 1755 2162 1820 elemosinas
2209 1754 2634 1837 postulantes,

591 1863 759 1928 Item
791 1861 1030 1926 dantur
1058 1862 1274 1926 littere
1320 1883 1515 1946 super
1560 1862 1969 1943 monachatu,
2016 1863 2223 1945 primo
2270 1882 2515 1944 preceS,
2553 1857 2976 1943 postmodum

415 1971 819 2056 preceptoria
877 1974 942 2033 et
996 1969 1340 2033 monitoria
1398 1975 1464 2032 et
1522 1969 1783 2033 demum
1840 1971 1906 2033 in
1952 1970 2186 2033 virtute
2234 1966 2598 2032 obedientie
2622 1967 2798 2050 data
2843 1966 2979 2029 fuit

416 2082 706 2161 tempore
752 2076 1119 2159 aliquorum
1149 2074 1591 2139 Romanorum
1639 2074 2016 2158 pontificum
2064 2076 2200 2139 sine
2245 2075 2521 2139 lectione
2568 2080 2634 2138 et
2677 2081 2977 2156 tempore

418 2184 786 2266 aliquorum
834 2204 980 2246 cum
1026 2182 1323 2247 lectione.
1709 2198 1716 2199 ⁷

597 2289 765 2355 Item
824 2290 1064 2354 dantur
1110 2288 1406 2354 similiter
1461 2310 1578 2372 pro
1638 2289 1941 2372 leprosiS,
1990 2289 2165 2372 quod
2227 2290 2547 2373 recipiant
2602 2290 2669 2351 in
2732 2287 2976 2351 fratres

421 2403 488 2461 et
533 2398 762 2461 socios.

685 2681 839 2746 Illa
884 2684 961 2746 in
1007 2683 1296 2745 virtute
1344 2680 1787 2746 obedientie
1833 2682 2251 2764 legantur.1

598 2842 766 2907 Item
826 2842 1134 2906 scribitur
1188 2863 1306 2926 pro
1364 2842 1586 2906 eiectis
1659 2848 1725 2906 et
1789 2842 2074 2925 fugitivis
2142 2842 2622 2926 presidentibus
2686 2841 2977 2924 capitulo

422 2950 709 3031 generali
779 2951 881 3013 sui
948 2948 1190 3013 ordinis
1216 2997 1233 3030 ‚
1299 2950 1355 3012 si
1420 2948 1578 3012 ordo
1646 2950 1787 3031 ipse
1852 2949 2094 3014 habeat
2165 2950 2606 3034 presidentes3
2686 2949 2979 3031 alioquin

424 3057 731 3121 scribitur
762 3054 1161 3139 dyocesaniS‚
1210 3054 1385 3139 quod
1430 3055 1676 3120 faciant
1720 3062 2037 3121 statutum
2085 3056 2378 3140 Gregorij
2430 3059 2603 3121 circa
2648 3056 2814 3120 tales
2862 3055 2978 3119 ob-

428 3164 691 3228 servari.
2205 3222 2209 3226 .

601 3270 768 3334 Item
832 3269 1296 3335 confirmantur
1357 3271 1424 3334 in
1489 3270 1698 3334 forma
1770 3272 2092 3335 communi
2156 3270 2473 3336 beneficia
2536 3270 2983 3335 ecclesiastica

428 3377 793 3442 dicentibus
843 3397 921 3442 ea
968 3399 1038 3442 se
1084 3398 1227 3442 esse
1275 3378 1581 3442 canonice
1630 3384 1962 3442 assecutos
2011 3384 2079 3442 et
2120 3378 2389 3461 pacifice
2443 3378 2804 3462 possidere,
2862 3377 2980 3441 sed

341 3571 348 3577 .
427 3491 719 3548 servetur
765 3484 939 3568 quod
985 3483 1229 3549 dictum
1277 3490 1376 3549 est
1418 3486 1486 3548 in
1533 3483 1764 3548 cedula
1818 3483 1897 3549 de
1950 3484 2185 3549 litteris
2241 3507 2435 3570 super
2490 3485 2982 3550 confirmatione

109 3718 234 3776 Fol.
271 3722 337 3771 74
353 3725 391 3771 ⁸.

428 3592 896 3655 sententiarum
938 3593 1008 3655 in
1051 3591 1261 3656 forma
1306 3593 1631 3656 communi
1677 3589 1928 3656 dandiS.

614 3703 639 3783 ΙΙ
662 3697 830 3762 Item
864 3697 1089 3780 „Sicut
1116 3698 1424 3782 provide“
1456 3696 1921 3763 confirmantur
1947 3699 2013 3762 in
2046 3702 2371 3764 communi
2400 3700 2609 3764 forma
2640 3705 2886 3763 statuta
2916 3707 2985 3763 et

430 3805 889 3886 ordinationeS,
937 3826 1064 3888 que
1095 3804 1261 3868 fiunt
1296 3826 1412 3888 per
1449 3805 1737 3889 capitula
1783 3811 1849 3870 et
1894 3805 2165 3870 abbates
2214 3813 2280 3872 et
2323 3813 2673 3872 conventus
2721 3813 2788 3872 et
2818 3809 2982 3872 alias

429 3933 740 3996 personas
806 3912 1302 3976 ecclesiasticas
1411 3911 1537 3977 Sed
1603 3919 1934 3995 servetur,
1996 3920 2071 3977 ut
2145 3914 2389 3978 dictum
2468 3921 2568 3979 est
2642 3937 2842 3999 supra
2916 3917 2984 3980 in

429 4020 744 4103 proximo.

608 4125 922 4191 Similiter
966 4125 1423 4190 confirmatur2
1466 4127 1534 4190 in
1580 4126 1789 4191 forma
1834 4129 2158 4192 communi
2205 4134 2418 4193 certus
2451 4150 2759 4195 numerus
2794 4151 2982 4194 cano-

431 4233 722 4296 nicorum
769 4238 837 4296 et
879 4231 1258 4297 monialium
1300 4233 1640 4297 institutus
1689 4233 1769 4298 de
1816 4254 2133 4299 consensu
2180 4234 2545 4318 dyocesani.

612 4483 630 4515 ¹
669 4483 777 4537 Die
801 4481 1113 4537 Aufschrift
1136 4500 1227 4537 am
1263 4482 1420 4537 Ende
1458 4483 1557 4538 der
1592 4489 1774 4539 ersten
1797 4484 1946 4539 Zeile
1983 4485 2124 4539 nach
2160 4486 2426 4557 fugitivis.
2489 4487 2648 4542 Dazu
2673 4506 2763 4542 am
2789 4487 2983 4543 Raude

434 4570 580 4627 links
604 4591 714 4628 von
739 4573 975 4627 anderer
997 4572 1165 4627 Hand
1191 4574 1305 4626 und
1331 4578 1419 4627 rot
1442 4572 1882 4629 durchstrichen:
1920 4574 2020 4628 illa
2043 4576 2101 4627 in
2125 4577 2332 4629 virtute
2358 4575 2676 4631 obediencie
2711 4578 2983 4650 legantur.

436 4662 458 4693 2
494 4661 730 4716 Hdschr.
769 4661 1179 4718 confirmantur.
