3242 5184
182 2331 299 2385 Fol.
344 2336 406 2383 16
418 2328 459 2382 ι’.

1544 299 1798 359 -30
1881 338 1966 343 --

484 477 877 543 Coseranum

482 585 928 667 Bigoriensem

485 690 863 757 Olorensem

484 798 987 863 Lascurrensem

485 905 914 970 Basatensem

485 1012 937 1077 Baionensem.

488 1171 1102 1253 Archiepiscopatus
1119 1168 1560 1233 Narbonensis
1588 1168 1707 1231 hos

577 1277 777 1342 habet
821 1275 1264 1358 suffraganeos

668 1401 886 1465 dioce
902 1401 1132 1464 sium:

491 1510 900 1573 Electensem

493 1616 715 1681 Sancti
734 1613 956 1696 Poncij
981 1612 1470 1676 Thomeriarum
1487 1612 1528 1694 ¹,
1551 1634 1713 1694 quos

594 1723 856 1806 quidem
885 1721 1046 1784 duos
1084 1721 1494 1803 episcopatus
1541 1718 1711 1782 idem

586 1830 883 1894 dominus
920 1827 1244 1892 Iohannes
1284 1848 1455 1909 papa
1485 1825 1710 1889 XXII.

585 1937 790 2000 erexit
846 1941 912 1999 et
967 1934 1122 1998 fecit
1167 1933 1246 1997 de
1294 1955 1457 1998 novo
1504 1933 1713 2014 ponti-

584 2042 814 2106 ficatus
847 2042 945 2105 sui
967 2063 1134 2104 anno
1169 2040 1447 2104 secundo
1480 2040 1546 2101 in
1581 2039 1714 2103 dio-

587 2150 717 2214 cesi
735 2148 1142 2213 Narbonensi
1176 2153 1241 2211 et
1270 2145 1527 2210 eosdem
1550 2146 1715 2227 epis-

588 2261 876 2339 copatus,
898 2255 1197 2319 videlicet
1218 2253 1623 2317 Electensem
1658 2259 1723 2315 et

590 2362 853 2428 Sancti²
909 2361 1132 2442 Poncij
1202 2359 1715 2440 Thomeriarum,

586 2469 877 2553 prefatus
902 2467 1196 2532 dominus
1207 2465 1531 2530 Iohannes
1552 2487 1725 2549 papa

587 2577 790 2641 voluit
835 2595 975 2639 esse
1017 2574 1095 2638 de
1139 2579 1205 2638 et
1245 2573 1364 2636 sub
1396 2573 1727 2656 provincia

590 2682 1016 2761 Narbonensi,

505 2788 1052 2853 Carcasonensem

505 2895 944 2960 Biterrensem

505 3003 945 3085 Agathensem

505 3109 933 3174 Lotevensem
980 3108 1142 3170 alias
1189 3106 1634 3172 Lodovensem

508 3216 963 3295 Tholosanum,
998 3215 1109 3296 qui
1140 3213 1330 3277 modo
1371 3219 1471 3277 est
1517 3212 1724 3276 archi-

597 3323 1026 3405 episcopatus,
1060 3326 1132 3384 ut
1163 3321 1382 3383 statim
1416 3319 1732 3383 subicitur

597 3428 787 3508 infra,

510 3534 1053 3619 Appamiarum,³
1112 3535 1222 3616 qui
1270 3533 1393 3597 fuit
1442 3533 1520 3597 de
1565 3556 1731 3598 novo

601 3648 855 3705 creatus
917 3661 1033 3723 per
1084 3640 1411 3704 dominum
1470 3640 1732 3706 Bonifa-

601 3750 768 3812 cium
834 3769 1070 3830 papam
1117 3745 1302 3811 VIII,
1371 3753 1436 3811 et
1491 3755 1590 3810 est
1656 3747 1734 3810 de

601 3856 930 3937 provincia
971 3853 1395 3933 Tholosana4,

513 3961 1039 4044 Magalonensem

514 4069 1017 4133 Nemausensem

514 4174 886 4239 Uticensem

517 4282 884 4346 Elnensem.

699 4480 716 4509 ¹
755 4481 774 4532 i
810 4484 896 4533 rot
930 4478 1428 4547 hincinkorrigiert.

1636 4478 1656 4508 2
1692 4496 1717 4531 s
1755 4480 1812 4530 in
1849 4475 1886 4530 S
1923 4483 2010 4531 rot
2044 4477 2351 4547 korrigiert.

1811 472 2426 556 Archiepiscopatus
2474 473 2883 539 Tholosanus
2918 474 3056 539 hos

1900 579 2101 643 habet
2147 580 2588 662 suffraganeos

1994 702 2453 768 diocesium:

1813 808 2362 875 Montisalbanum

1811 917 2159 981 Rivensem

1815 1024 2037 1090 Sancti
2082 1024 2317 1107 Papuli

1813 1130 2341 1206 Lomberiensem

1815 1238 2348 1321 Mirapiscensem

1818 1342 2223 1409 Vaurensem

1819 1452 2308 1533 Appamiarum,
2323 1454 2454 1534 qui,
2470 1458 2544 1515 ut
2558 1451 2901 1534 prefertur,
2923 1450 3060 1514 fuit

1910 1557 1990 1621 de
2031 1581 2195 1624 novo
2247 1565 2504 1623 creatus
2554 1579 2671 1642 per
2712 1558 3056 1623 dominum

1910 1665 2317 1729 Bonifacium
2362 1687 2601 1750 papam
2645 1664 2833 1729 VIII.

1954 1772 2145 1837 Anno
2212 1772 2453 1837 domini
2516 1772 2859 1837 millesimo
2917 1779 3055 1837 tre-

1823 1880 2170 1944 centesimo
2191 1879 2717 1962 decimoseptimo
2738 1879 2843 1943 die
2873 1902 3059 1945 nona

1822 1984 1869 2049 J
1873 1986 1983 2067 ulij
2064 1986 2510 2050 sanctissimus
2584 1993 2772 2069 pater
2839 1986 3050 2051 domi-

1823 2114 1945 2155 nus
1991 2091 2316 2156 Iohannes
2363 2115 2535 2175 papa
2580 2092 2803 2157 XXII.
2839 2094 3058 2177 primo

1832 2220 1999 2262 anno
2065 2198 2163 2261 sui
2225 2197 2641 2280 pontificatus
2705 2201 2909 2263 erexit
2988 2201 3059 2263 in

1832 2305 2173 2368 ecclesiam
2222 2305 2790 2389 metropolitanam
2839 2308 2857 2395 Η
2907 2329 3058 2390 pre-

1835 2411 2075 2476 dictam
2121 2411 2458 2476 ecclesiam
2505 2412 2937 2478 Tholosanam
2995 2421 3063 2478 et

1833 2518 1988 2583 fecit
2071 2518 2151 2582 de
2235 2540 2397 2583 novo
2474 2519 2541 2582 in
2618 2542 2737 2584 sua
2814 2519 3060 2585 diocesi

1835 2633 2115 2707 quatuor
2147 2627 2503 2708 episcopOS,
2544 2626 2845 2690 videlicet
2871 2626 3060 2690 Mon-

1835 2733 2232 2797 tisalbanum
2323 2731 2566 2797 dudum
2657 2733 2737 2797 de
2815 2732 3063 2797 diocesi

1837 2838 2235 2920 Caturcensi,
2268 2839 2635 2921 Rivensem,
2674 2839 2897 2904 Sancti
2928 2839 3061 2903 Pa-

1835 2945 1997 3029 puli,
2057 2945 2613 3027 Lomberiensem,
2670 2946 3064 3029 Mirapicen-

1838 3074 1974 3117 sem
2031 3060 2097 3117 et
2141 3052 2573 3134 Vaurensem,
2633 3075 2793 3135 quos
2851 3054 3067 3117 eciam

1837 3181 1968 3222 una
2000 3181 2145 3223 cum
2178 3160 2553 3243 episcopatu
2584 3159 3064 3243 Appamiarum

1840 3267 2176 3330 constituit
2222 3287 2362 3331 esse
2410 3266 2489 3331 de
2537 3272 2752 3331 cetero
2801 3266 2879 3331 de
2911 3287 3062 3349 pro-

1838 3373 2046 3436 vincia
2092 3372 2461 3437 Tholosana
2508 3379 2573 3437 et
2619 3371 3062 3455 suffraganeos

1840 3479 2108 3542 ecclesie
2154 3478 2535 3544 Tholosane.

2019 3692 2106 3756 In
2152 3692 2491 3776 Ispania.

1843 3834 2460 3919 Archiepiscopatus
2563 3836 3059 3900 Tem-aconensis

1931 3940 2048 4005 hos
2095 3942 2294 4005 habet
2341 3941 2780 4025 suffraganeos

2022 4065 2144 4130 dio
2156 4088 2190 4129 c
2202 4087 2235 4130 e
2253 4068 2447 4132 sium
2472 4092 2484 4132 ε

1844 4170 2435 4237 Barchinonensem

1807 4280 1820 4285 ”
1846 4279 2332 4345 Gerundensem

2556 4478 2578 4509 ³
2613 4466 2769 4533 Uber
2804 4497 2896 4548 pp,
2934 4478 3061 4532 aber

519 4569 660 4623 ohne
723 4569 869 4621 diese
925 4566 1278 4620 Buchstaben
1338 4583 1404 4617 zu
1466 4566 1638 4635 tilgen
1661 4609 1673 4633 ,
1735 4566 1834 4619 hat
1894 4568 2013 4620 eine
2074 4567 2276 4620 andere
2331 4566 2498 4620 Hand
2562 4585 2634 4620 va
2693 4568 3058 4638 geschrieben.

519 4657 541 4688 ⁴
579 4658 704 4712 Von
742 4662 798 4711 et
833 4661 915 4710 est
952 4655 1148 4709 Zusatz
1186 4673 1295 4711 von
1334 4654 1567 4708 auderet
1604 4655 1790 4709 Hand.
