3242 5184
1302 270 1703 330 w7..-

223 440 564 506 audiencia
625 442 838 525 legam
861 492 876 522 ,
941 443 1068 507 nisi
1131 465 1294 526 quas
1358 444 1667 526 recipiam
1733 442 1813 507 de
1877 443 2176 508 manibus
2242 444 2771 530 vicecancellarij,

222 547 538 614 auditoris
571 555 636 614 et
667 551 1047 615 correctoris
1079 549 1180 614 vel
1210 550 1592 614 nunciorum
1621 550 1931 633 ipsorum.
2010 550 2179 615 Item
2210 551 2456 616 nullam
2487 551 2775 619 litteram

218 677 350 720 non
395 655 763 721 absolutam
809 678 927 739 per
958 657 1320 722 auditorem
1352 657 1453 721 vel
1486 656 1564 721 de
1601 655 1910 721 mandato
1959 656 2200 721 domini
2246 679 2412 741 pape
2460 659 2562 723 vel
2607 660 2772 724 vice-

220 762 587 847 cancellarij
637 785 875 846 ponam
921 764 1022 828 vel
1058 764 1213 847 poni
1251 763 1615 847 procurabo
1650 784 1795 827 cum
1828 762 2143 829 absolutis
2185 771 2300 829 aut
2345 764 2594 830 absolvi
2625 788 2770 850 pro-

219 871 462 937 curabo
510 872 577 934 in
624 869 938 934 fraudem.
1032 869 1200 935 Item
1258 870 1503 934 nullam
1548 869 1834 934 litteram
1880 871 1946 934 in
1995 871 2335 935 audiencia
2382 873 2762 954 procurabo.

220 979 391 1043 Item
436 978 682 1043 nullam
729 978 1014 1042 litteram
1063 977 1430 1043 absolutam
1476 977 1785 1059 recipiam
1831 977 1898 1041 in
1946 977 2286 1043 audiencia
2332 978 2416 1043 ad
2447 980 2772 1045 recriben-

219 1085 404 1164 dum,
471 1085 597 1149 nisi
656 1083 736 1149 de
794 1083 1102 1149 mandato
1165 1084 1408 1149 domini
1469 1083 1990 1167 vicecancellarij.
2030 1084 2130 1149 vel
2178 1085 2512 1151 auditoris.
2607 1086 2774 1152 Item

215 1193 464 1257 nullam
510 1190 806 1256 fraudem
853 1192 1249 1255 committam
1296 1191 1363 1255 in
1411 1190 1754 1255 audiencia
1783 1190 1883 1255 vel
1916 1193 2089 1255 circa
2120 1191 2405 1257 officium
2437 1192 2773 1258 audiencie

217 1299 334 1364 sed
382 1297 660 1363 fideliter
703 1319 805 1361 me
837 1296 1092 1363 habebo
1125 1298 1299 1361 circa
1331 1319 1426 1379 ea,
1476 1318 1601 1380 que
1633 1297 1828 1361 michi
1861 1300 2204 1363 commissa
2234 1299 2477 1364 ibidem
2509 1299 2766 1365 fuerint.

215 1406 328 1473 Sic
375 1427 480 1471 me
528 1404 685 1469 deus
734 1404 998 1469 adiuvet
1033 1410 1099 1468 et
1143 1404 1262 1469 hec
1310 1410 1536 1468 sancta
1583 1404 1687 1468 dei
1733 1404 2088 1487 evangelia.

486 1619 1009 1684 Iuramentum
1067 1618 1530 1701 scriptorum
1594 1618 2036 1683 litterarum
2102 1620 2772 1702 apostolicarum.1

394 1763 536 1845 Ego
585 1812 598 1825 .
635 1812 648 1826 .
701 1763 871 1842 iur0,
920 1761 1094 1843 quod
1141 1759 1424 1826 officium
1470 1783 1686 1825 meum
1732 1760 2010 1826 fideliter
2056 1783 2367 1844 exequar,
2418 1761 2770 1828 falsitatem

209 1872 314 1935 vel
365 1869 659 1934 fraudem
706 1869 879 1932 circa
924 1890 1021 1948 ea,
1071 1889 1196 1949 que
1243 1870 1727 1933 committentur
1770 1868 1985 1950 michi,
2025 1891 2153 1933 non
2206 1869 2608 1934 committam
2655 1892 2773 1935 nec

210 1978 625 2044 consenciam
672 1976 1119 2055 committenti,
1170 1979 1236 2039 et
1291 1976 1346 2039 si
1379 1976 1608 2040 scirem
1658 1975 1941 2058 aliquem
1988 1977 2498 2041 committentem
2545 1982 2610 2040 et
2653 1978 2770 2041 im-

210 2085 440 2169 pedire
485 2106 613 2149 non
658 2104 944 2167 possem,
994 2080 1371 2164 significabo
1418 2080 1579 2146 illud
1626 2081 1885 2147 domino
1933 2103 2099 2166 pape
2144 2083 2247 2147 vel
2294 2082 2554 2148 domino
2601 2084 2770 2148 vice-

210 2190 604 2257 cancellario
636 2196 751 2256 aut
787 2191 925 2254 eius
971 2189 1426 2271 vicemgerenti
1472 2188 1573 2252 vel
1618 2188 1753 2271 alij,
1801 2210 1917 2271 per
1949 2210 2147 2271 quem
2179 2189 2263 2253 ad
2296 2211 2520 2255 eorum
2551 2196 2773 2272 posset

209 2299 526 2365 noticiam
571 2298 927 2381 pervenire.
1021 2295 1287 2361 Secreta
1343 2294 1585 2361 domini
1642 2316 1810 2379 pape
1858 2301 1924 2359 et
1970 2296 2213 2361 domini
2260 2295 2765 2379 vicecancellarij

212 2411 328 2470 aut
380 2406 519 2487 ejus
565 2403 1078 2485 vicemgerentiS,
1128 2423 1252 2484 que
1292 2405 1543 2466 secreta
1582 2422 1723 2466 esse
1763 2422 2142 2484 cognovero,
2190 2403 2432 2466 nemini
2469 2402 2771 2468 revelabo

212 2511 295 2577 ad
346 2532 571 2577 eorum
620 2510 971 2593 dampnum
1017 2530 1120 2573 me
1177 2509 1438 2572 sciente.
1532 2508 1662 2572 Et2
1709 2507 1951 2572 nichil3
1998 2508 2147 2573 dedi
2194 2510 2295 2573 vel
2340 2510 2606 2593 promisi
2654 2530 2771 2574 nec

213 2618 358 2682 dari
420 2616 521 2681 vel
587 2617 878 2700 promitti
938 2615 1185 2698 aliquid
1242 2614 1585 2698 procuravi
1643 2636 1761 2697 pro
1822 2616 2159 2699 scriptorie
2218 2615 2541 2680 officium4
2596 2637 2770 2680 asse-

213 2722 497 2806 quendo.
590 2722 698 2788 Sic
743 2745 847 2788 me
894 2721 1051 2787 deus
1099 2721 1362 2786 adiuvet
1407 2726 1474 2785 et
1518 2720 1638 2785 hec
1684 2727 1910 2786 sancta
1957 2721 2060 2786 dei
2107 2722 2458 2806 evangelia.

488 2954 1016 3019 Iuramentum
1062 2953 1744 3019 abbreviatorum.⁵

395 3096 536 3180 Ego
586 3146 599 3162 .
640 3148 654 3162 .
703 3096 1118 3162 abbreviator
1146 3097 1310 3177 iuro,
1360 3094 1534 3178 quod
1565 3094 1849 3160 officium
1880 3117 2094 3160 meum
2127 3095 2406 3162 fideliter
2436 3095 2767 3177 exercebO,

216 3204 439 3270 dolum
498 3225 611 3267 seu
669 3202 965 3268 fraudem
1026 3202 1314 3284 aliquam
1376 3202 1547 3266 circa
1606 3204 1817 3285 ipsum
1865 3201 2148 3268 officium
2194 3226 2322 3267 non
2370 3204 2768 3268 committam

215 3332 335 3375 nec
383 3310 790 3375 consenciam
839 3309 1286 3390 committenti,
1335 3313 1402 3372 et
1433 3309 1487 3373 si
1519 3309 1721 3373 sciam
1753 3308 2038 3392 aliquem
2071 3308 2290 3373 dolum
2327 3309 2428 3373 vel
2475 3309 2768 3374 fraudem

217 3417 392 3481 circa
437 3415 556 3481 hec
602 3417 1130 3496 committentem,
1181 3414 1437 3481 domino
1474 3415 2022 3498 vicecancellario,
2073 3417 2456 3498 quantocius
2505 3416 2768 3481 comode

216 3527 465 3606 potem,
497 3523 818 3588 revelabo,
896 3521 1206 3603 Litteras,
1247 3542 1373 3604 que
1419 3522 1709 3607 expediri
1759 3522 1996 3587 debent
2025 3522 2095 3586 in
2125 3522 2534 3604 cancellaria,
2583 3522 2767 3586 mali-

219 3628 392 3693 ciose
440 3651 567 3694 non
611 3629 963 3712 impediam
1008 3650 1127 3693 nec
1171 3628 1472 3712 impediri
1517 3630 1927 3695 consenciam
1980 3651 2131 3711 nec,
2193 3634 2507 3712 quantum
2552 3629 2621 3692 in
2665 3650 2768 3693 me

221 3733 433 3815 fuerit,
472 3735 772 3818 impediri
817 3735 1053 3799 faciam
1098 3734 1199 3799 vel
1244 3735 1637 3818 permittam.
1716 3735 2169 3820 Impediendas
2203 3737 2408 3800 eciam
2438 3734 2768 3799 maliciose

222 3840 523 3924 expedire
580 3843 842 3906 minime
906 3841 1289 3925 procurabo.
1397 3841 1863 3925 Impugnantes
1926 3864 2075 3907 vero
2140 3841 2394 3906 litteras
2457 3842 2637 3922 ipsas
2701 3842 2768 3905 in

223 3947 610 4013 cancellaria
672 3948 966 4033 predicta
1028 3948 1323 4033 partibus
1386 3969 1501 4013 seu
1565 3970 1677 4014 eas
1742 3948 2243 4034 procurantibus
2307 3948 2407 4011 vel
2471 3948 2763 4031 personis

224 4052 397 4137 111ᾒο,
453 4075 570 4138 per
625 4077 787 4138 quas
834 4056 1169 4138 pervenire
1215 4056 1424 4138 possit
1477 4054 1561 4119 ad
1617 4078 1839 4122 eorum
1884 4055 2219 4136 noticiam,
2277 4055 2538 4118 minime
2584 4075 2760 4120 reve-

223 4157 388 4226 labo.
468 4160 737 4226 Secreta
764 4162 970 4227 eciam
1002 4161 1134 4226 alia
1169 4162 1374 4246 ipsius
1421 4162 1829 4244 cancellarie,
1878 4183 2004 4244 que
2052 4166 2303 4226 secreta
2347 4182 2488 4226 esse
2536 4182 2765 4244 cogno-

399 4340 418 4371 ¹
455 4338 566 4394 Am
601 4340 818 4395 Raude:
866 4340 1069 4394 Forma
1103 4343 1396 4396 iuramenti
1440 4342 1782 4409 scriptorum.
2000 4339 2021 4371 ²
2068 4356 2099 4394 e
2144 4341 2202 4392 in
2249 4339 2297 4392 E
2340 4345 2427 4394 rot
2462 4339 2765 4408 korrigiert.

229 4424 250 4455 ³
284 4426 390 4481 Am
426 4427 620 4484 Raude
655 4434 765 4484 rot:
803 4430 1069 4484 attendite
1114 4430 1256 4484 bene
1293 4429 1395 4482 mit
1429 4428 1663 4485 Zeichen
1698 4446 1768 4483 zu
1804 4429 1987 4482 nichil.
2203 4427 2225 4458 ⁴
2262 4426 2443 4482 officio
2480 4428 2639 4481 stand
2677 4428 2765 4496 da,

228 4530 259 4565 o
293 4515 352 4569 in
385 4535 422 4571 u
445 4518 775 4573 vermittelst
797 4517 976 4572 Rasur
997 4518 1292 4589 korrigiert
1314 4519 1429 4571 und
1453 4518 1551 4572 der
1574 4517 1753 4572 Strieh
1782 4518 1972 4571 iiberm
2010 4536 2048 4571 u
2084 4517 2505 4587 nachgetragen.
2567 4515 2767 4571 Beides

232 4604 327 4656 mit
360 4606 658 4662 schwarzer
692 4607 874 4666 Tinte.
1020 4609 1041 4638 ⁵
1078 4608 1280 4666 Hierzu
1318 4625 1407 4665 am
1444 4607 1663 4664 Raude:
1702 4606 2076 4664 Iuramentum
2117 4606 2577 4663 abbreviatorum.

2808 2953 2926 3008 Fol.
2967 2959 2997 3006 4
3011 2953 3049 3007 ¹³.
