3242 5184
186 1428 305 1483 Fol.
347 1431 414 1480 56
427 1431 466 1477 ¹².

1536 280 2022 341 *106—

508 456 953 541 parrochianis
1019 456 1250 521 vestris
1315 455 1656 538 diligenter
1728 462 1794 521 et
1867 455 2146 520 fideliter
2220 456 2596 538 exponatiS,
2675 453 3066 520 mandatum

506 570 800 629 nostrum
857 563 1075 630 taliter
1128 562 1484 647 impleturi,
1551 563 1726 645 quod
1782 584 1860 627 ex
1914 562 2036 627 hoc
2091 568 2308 646 preter
2354 561 2565 626 divine
2610 561 3066 627 retributionis

505 672 784 754 gratiam
829 692 948 739 nos
995 669 1177 736 vobis
1224 676 1291 736 et
1335 669 1626 754 ecclesijs
1672 670 1903 735 vestris
1950 668 2182 734 fortius
2229 669 2552 753 obligetis,

772 938 917 1005 Pro
964 938 1337 1023 hospitali
1386 936 1649 1003 Sancti
1697 935 2110 1021 Spiritusn1
2156 939 2231 1001 in
2278 935 2528 1002 Saxia.
2609 935 3065 1020 Archiepis-

862 1046 1073 1130 copis
1120 1051 1195 1110 et
1239 1045 1655 1129 episcopie,
1705 1043 2151 1125 abbatibuS,
2200 1042 2624 1127 prioribuS,
2669 1042 3028 1124 decaniS,

860 1151 1461 1233 archidiaconiS,
1524 1150 1909 1236 plebaniS,
1976 1149 2667 1234 archipresbiteris
2733 1156 2808 1216 et
2874 1149 3065 1235 alijs

862 1259 1368 1324 ecclesiarum
1416 1257 1785 1343 prelatiS,
1833 1256 1929 1322 ad
1977 1264 2116 1323 etc.

687 1412 846 1503 {1812
889 1420 1073 1484 iuxta
1104 1420 1492 1484 sententiam
1540 1419 1852 1502 sapientis
1898 1420 2066 1483 inter
2110 1425 2366 1502 tempus
2414 1418 2774 1484 seminandi
2822 1417 3067 1484 discer-

504 1528 718 1591 nimus
764 1534 831 1591 et
873 1526 1157 1592 metendi
1202 1533 1323 1591 etc.
1371 1547 1577 1608 usque
1626 1526 2022 1609 puniturum.
2100 1525 2263 1591 Cum
2310 1527 2509 1609 igitur
2557 1525 2776 1591 dilecti
2829 1525 2951 1609 filij
2990 1575 3004 1590 .
3028 1575 3064 1605 .‚

507 1634 815 1715 magister
861 1639 926 1698 et
970 1633 1202 1698 fratres
1250 1631 1587 1716 hospitalis
1646 1632 1914 1698 ecclesie
1961 1681 1975 1696 .
2010 1682 2048 1714 .,
2097 1631 2269 1716 quod
2324 1632 2530 1699 felicis
2590 1632 3066 1698 recordationis

504 1739 921 1805 Innocentius
968 1762 1171 1824 papa,
1219 1739 1639 1824 predecessor
1683 1747 1933 1822 noster,
1981 1739 2065 1806 ad
2112 1741 2544 1824 receptionem
2588 1761 2960 1825 pauperum
3007 1747 3069 1806 et

503 1846 906 1912 infirmorum
973 1846 1241 1912 ecclesie
1296 1846 1590 1912 Romane
1655 1846 2019 1931 sumptibus
2085 1867 2286 1931 prope
2349 1847 2685 1912 basilicam
2748 1848 3067 1930 principis

503 1954 943 2037 apostolorum
974 1953 1132 2019 fecit
1172 1955 1238 2018 in
1278 1959 1487 2019 strata
1516 1953 1780 2038 publica
1812 1955 2121 2035 construi,
2155 1954 2238 2018 ad
2274 1953 2398 2019 hoc
2435 1955 2587 2018 totis
2634 1953 2887 2019 viribus
2938 1954 3065 2018 ela-

511 2060 777 2142 borent,
843 2067 918 2125 ut
984 2060 1270 2145 undique
1339 2060 1799 2127 confluentium
1868 2082 2217 2144 egenorum
2280 2062 2527 2145 pariter
2594 2061 2703 2126 et3
2759 2082 3067 2144 egrorum

509 2167 1005 2233 necessitatibus
1054 2189 1124 2233 se
1171 2174 1532 2252 exponant,
1598 2189 1933 2233 monemus
1979 2169 2462 2233 universitatem
2509 2173 2792 2233 vestram
2844 2176 2915 2234 et
2962 2191 3064 2234 ex-

501 2274 838 2340 hortamur
891 2276 958 2339 in
1006 2274 1266 2340 domino
1322 2281 1389 2340 et
1442 2276 1508 2339 in
1564 2276 2011 2340 remissionem
2065 2274 2246 2340 vobis
2303 2276 2698 2358 iniungimus
2761 2283 3064 2359 peccato-

501 2403 646 2446 rum
659 2382 704 2463 4,
754 2382 1061 2464 quatinus
1109 2388 1183 2447 ut
1228 2390 1679 2466 cooperatores
1726 2383 1869 2448 sitis
1916 2390 2036 2448 etc.
2086 2403 2292 2465 usque
2337 2384 2404 2447 in
2450 2382 2666 2447 finem.

768 2650 914 2716 Pro
961 2650 1223 2716 eodem
1268 2650 1643 2735 hospitali
1692 2649 1974 2715 eisdem
2021 2636 2368 2734 prelatis.

681 2809 1027 2892 Querelam
1100 2832 1360 2893 gravem
1415 2811 1776 2894 recepimus
1832 2811 2213 2876 dilectorum
2267 2793 2575 2890 filiorum,
2643 2813 2944 2894 magistri
3001 2818 3063 2875 et

502 2917 775 2982 fratrum
813 2916 1156 3001 hospitalis
1196 2916 1464 2982 ecclesie
1504 2966 1518 2981 .
1562 2966 1577 2981 .
1616 2917 1730 2982 Ν.5
1766 2918 1833 2981 in
1874 2918 2090 2999 Saxia,
2130 2918 2302 3001 quod
2340 2917 2545 2983 felicis
2590 2917 3061 2984 recordationis

500 3024 917 3090 Innocentius
963 3046 1156 3109 papa,
1204 3023 1624 3108 predecessor
1654 3031 1895 3107 noster,
1942 3046 2144 3108 prope
2176 3024 2513 3090 basilicam
2547 3032 2667 3090 etc.
2716 3032 2792 3089 ut
2837 3047 3057 3108 supra.

764 3220 1127 3287 Eisdem⁶.

678 3363 905 3429 Circa⁷
959 3385 1160 3447 opera
1214 3366 1476 3447 pietatis
1531 3386 1644 3428 vos
1699 3386 1826 3429 non
1883 3363 2203 3428 credimus
2256 3365 2545 3429 invenire
2592 3362 2921 3446 difficiles,
2978 3363 3058 3430 ad

500 3491 627 3554 que
683 3470 990 3536 tenemini
1045 3492 1163 3554 per
1208 3494 1322 3536 vos
1368 3472 1545 3555 ipsos
1591 3476 1729 3536 tam
1775 3470 2067 3554 exemplo
2114 3492 2311 3553 quam
2358 3470 2555 3536 verbo
2610 3478 2860 3536 vestros
2910 3471 3054 3537 sub-

499 3577 670 3643 ditos
734 3579 1028 3642 invitare.
1121 3578 1310 3643 Licet
1372 3584 1589 3643 autem
1656 3577 1950 3642 debeatis
2007 3577 2304 3642 omnibus
2368 3561 2790 3661 benignitatis
2846 3585 3055 3644 vestre

497 3685 777 3768 gratiam
824 3683 1126 3749 exhibere
1173 3707 1250 3749 ac
1292 3685 1360 3749 in
1406 3686 1555 3768 pioe
1608 3705 1720 3750 eos
1770 3685 2105 3769 proposito
2146 3683 2487 3767 adiuvare,
2536 3684 2790 3750 dilectis
2838 3692 3051 3751 tamen

497 3790 671 3875 fflijs,
713 3840 727 3855 .
771 3841 785 3856 .
825 3793 1133 3873 magistro
1199 3797 1265 3855 et
1327 3790 1638 3881 fratribus
1693 3790 2062 3875 hospitaliS,
2120 3790 2293 3874 quod
2340 3790 2544 3856 felicis
2590 3792 3051 3858 recordationis

678 4023 696 4055 ¹
751 4023 860 4078 Die
916 4028 1060 4077 erste
1111 4023 1260 4078 Zeile
1311 4024 1412 4077 der
1455 4011 1805 4079 Uberschrift
1849 4042 1938 4079 am
1987 4024 2143 4079 Ende
2201 4025 2299 4079 der
2353 4023 2844 4096 vorhergehenden
2890 4024 3045 4080 Zeile.

499 4111 520 4145 ²
555 4112 664 4166 Am
702 4113 897 4168 Raude
933 4112 1113 4167 rechts
1150 4114 1239 4167 ein
1278 4118 1309 4165 3
1348 4111 1490 4166 Ctm.
1526 4112 1701 4167 hohes
1737 4119 1882 4168 rotes
1919 4114 2106 4168 Kreuz
2158 4115 2259 4167 mit
2305 4116 2440 4168 zwei
2477 4113 2620 4168 nach
2658 4114 2757 4168 der
2792 4114 2951 4169 Mitte
2983 4130 3045 4167 zu

495 4202 613 4256 sich
650 4202 1070 4273 veijiingenden
1107 4200 1481 4267 Querbalken.
1690 4201 1713 4232 ³
1747 4202 1822 4256 Es
1858 4203 2022 4257 stand
2060 4204 2133 4257 da
2170 4220 2468 4273 egenorum
2508 4208 2564 4257 et
2600 4219 2926 4273 pauperum.
2995 4208 3045 4257 et

494 4308 803 4362 pauperum
828 4297 915 4346 rot
940 4290 1423 4362 durchgestrichen
1450 4291 1563 4344 und
1582 4296 1670 4345 rot
1687 4291 1828 4346 iiber
1845 4292 1944 4346 der
1962 4291 2135 4348 Zeile:
2160 4294 2368 4362 pariter
2393 4309 2648 4363 egrorum
2674 4298 2744 4347 et.
2783 4291 3041 4361 Daneben

496 4379 733 4435 Zeichen
752 4423 766 4450 ,
828 4375 937 4436 dass
998 4381 1088 4436 die
1143 4380 1398 4451 Stellung
1453 4380 1552 4434 der
1605 4380 1808 4436 beiden
1863 4380 2063 4436 letzten
2118 4381 2345 4437 Worter
2407 4399 2475 4436 zu
2538 4381 2904 4438 vertauschen
2963 4382 3040 4434 ist.

495 4469 519 4501 ⁴
558 4469 776 4539 Abgek.
804 4471 916 4525 uni.
955 4487 1008 4524 u.
1037 4475 1092 4524 et
1129 4488 1209 4524 ex.
1236 4471 1293 4523 in
1332 4470 1403 4526 do
1440 4475 1496 4524 et
1531 4471 1589 4523 in
1626 4487 1704 4524 re.
1729 4486 1782 4525 u.
1810 4471 1943 4524 iniu.
1969 4488 2179 4541 peccor.
2398 4472 2421 4504 ⁶
2457 4471 2511 4526 N
2545 4473 2605 4525 in
2643 4476 2791 4526 rotet
2834 4467 3038 4525 Schrift-

496 4559 519 4590 ⁶
554 4558 665 4613 Am
702 4559 859 4614 Ende
906 4560 1004 4613 der
1047 4559 1537 4630 vorhergehenden
1574 4558 1740 4614 Zeile.
1959 4560 1979 4591 ⁷
2014 4559 2125 4614 Am
2171 4559 2366 4616 Raude
2410 4561 2592 4616 rechts
2638 4560 2892 4617 dasselbe
2931 4563 3039 4613 rote

496 4646 684 4707 Kreuz
719 4649 822 4706 mit
859 4648 966 4708 den
1002 4651 1138 4705 zwei
1176 4648 1533 4717 Querbalken
1570 4650 1678 4704 wie
1713 4648 1872 4704 oben.
2090 4650 2112 4681 ⁸
2147 4648 2384 4705 Hdschr.
2421 4651 2608 4721 impio·
