3242 5184
1256 302 1680 362 ffl13*

183 476 554 558 cancellarij
608 495 721 539 seu
753 476 1246 558 derogacionem
1300 475 1564 541 honoris
1621 470 1724 541 v'el
1770 480 1982 540 status
2030 476 2412 540 cancellarie
2462 475 2739 552 cederet,

182 581 350 646 illud
395 604 514 665 pro
559 603 749 666 posse
794 581 1162 666 impediam.
1244 579 1432 663 Quod
1465 584 1519 647 si
1548 582 1866 666 impedire
1897 604 2026 646 non
2072 604 2348 666 possem,
2398 582 2570 648 bona
2615 582 2742 647 fide

179 688 549 772 procurabo
588 689 672 754 ad
703 689 948 755 domini
978 710 1146 774 pape
1177 690 1281 755 vel
1308 689 1512 774 ipsius
1550 690 2059 773 vicecancellarij
2098 711 2213 755 seu
2244 690 2741 755 locumtenentis

181 795 476 862 eiusdem
532 795 773 862 domini
826 797 1335 881 vicecancellarij
1393 797 1705 863 noticiam
1758 797 1826 862 id
1881 796 2171 881 perferri.
2266 796 2375 863 Sic
2428 818 2532 863 me
2580 797 2742 863 deus

181 902 449 969 adiuvet
494 908 561 969 et
602 903 723 969 hec
769 910 998 971 sancta
1043 904 1148 970 dei
1196 905 1550 988 evangelia.
1644 904 1719 969 T.

451 1133 977 1203 Iuramentum
1033 1137 1646 1203 examinancium
1700 1137 1776 1202 in
1829 1136 2170 1203 Romana
2224 1137 2440 1202 curia
2504 1136 2743 1220 depu-

390 1234 393 1235 ⁷
536 1249 881 1310 tatorum
927 1247 1083 1310 etc.l

361 1385 684 1452 Iurabunt
736 1389 1249 1471 examinatoreS,
1315 1388 1488 1471 quod
1550 1387 1716 1453 bene
1773 1392 1837 1452 et
1903 1386 2183 1452 fideliter
2249 1409 2317 1452 se
2382 1392 2609 1470 gerent
2671 1387 2738 1450 in

174 1491 401 1559 officio
450 1494 542 1559 eis
590 1495 951 1561 commisso.
1029 1492 1201 1561 Item
1233 1494 1404 1579 quod
1442 1516 1562 1559 nec
1594 1515 1814 1560 amore
1859 1515 1978 1558 nec
2026 1495 2171 1560 odio
2218 1516 2337 1559 nec
2383 1514 2575 1578 prece
2620 1513 2741 1557 nec

169 1602 402 1683 precio
449 1602 517 1665 in
562 1603 828 1684 negocio
876 1623 992 1666 seu
1037 1600 1249 1668 officio
1296 1601 1587 1686 predicto
1643 1601 2012 1685 procedent.
2105 1601 2275 1666 Item
2323 1600 2495 1683 quod
2541 1599 2743 1664 nichil

170 1708 501 1791 recipient
545 1728 586 1772 a
631 1696 924 1792 personis
963 1708 1410 1774 examinandis
1443 1709 1544 1773 vel
1577 1709 1722 1792 alijs
1755 1730 1978 1773 eorum
2008 1709 2288 1772 nomine.
2366 1706 2534 1771 Item
2568 1706 2739 1788 quod

168 1813 426 1879 facient
459 1817 482 1904 ΙΙ
516 1815 730 1880 iurare
764 1816 1052 1880 notarios
1087 1822 1153 1880 et
1182 1817 1502 1900 porterios
1536 1838 1612 1880 ac
1644 1815 1997 1881 familiares
2030 1837 2254 1880 eorum
2286 1815 2379 1879 eis
2412 1815 2480 1877 in
2527 1811 2738 1878 officio
2777 1813 2897 1869 Fol·
2938 1818 2967 1868 '⁷
2982 1815 3023 1868 b·

171 1921 691 1987 examinacionis
723 1922 1092 1988 huiusmodi
1123 1925 1528 2005 assistenteS,
1564 1923 1737 2006 quod
1770 1945 1811 1987 a
1847 1922 2155 2006 predictis
2201 1922 2495 2005 personis
2543 1920 2743 1984 nichil

168 2029 504 2110 recipiant
549 2035 665 2093 aut
710 2029 793 2093 ab
841 2029 987 2112 alijs
1034 2031 1292 2094 nomine
1339 2031 1629 2114 ipsarum
1667 2051 1785 2094 nec
1831 2031 1899 2093 in
1931 2028 2415 2093 introducendis
2447 2028 2740 2111 personis

169 2134 494 2217 predictis
542 2136 665 2199 ad2
710 2158 981 2201 examen
1027 2137 1312 2218 aliquam
1358 2136 1674 2217 fraudem,
1724 2136 1942 2200 odium
1987 2136 2089 2200 vel
2135 2136 2419 2200 favorem
2453 2136 2742 2199 commit-

167 2245 326 2305 tant
374 2248 440 2306 et
487 2243 660 2324 quod
708 2265 930 2308 eorum
975 2244 1211 2327 notarij
1262 2242 1543 2308 fideliter
1588 2247 1952 2324 regestrent
2003 2242 2358 2324 peticiones
2411 2247 2476 2306 et
2516 2241 2740 2306 titulos

158 2350 703 2433 ,examinatarum
748 2372 1173 2434 personarum
1219 2352 1529 2434 ipsarum.
1970 2352 1975 2355 ’

452 2581 700 2646 Tituli
749 2583 1366 2647 examinatarum
1411 2570 1921 2665 personarum
1970 2584 2092 2646 etc.

356 2725 515 2788 Tria
560 2724 746 2790 bene.
812 2723 1123 2790 Habeant
1136 2724 1179 2789 ³.

357 2830 507 2895 Duo
554 2831 718 2896 bene
767 2837 834 2895 et
877 2854 1079 2896 unum
1127 2837 1584 2914 competenter.
1666 2830 1993 2897 Habeant.

357 2936 581 3002 Unum
628 2938 794 3003 bene
843 2945 909 3003 et
954 2960 1154 3002 unum
1202 2944 1644 3022 competenter
1691 2944 1755 3002 et
1787 2960 1988 3002 unum
2021 2936 2340 3002 debiliter.
2407 2937 2735 3002 Habeant.

354 3044 508 3110 Duo
559 3045 724 3109 bene
773 3051 839 3109 et
884 3067 1086 3110 unum
1130 3046 1320 3110 male.
1405 3044 1732 3110 Habeant.

354 3151 506 3218 Duo
553 3159 997 3235 competenter
1043 3159 1110 3217 et
1154 3152 1396 3217 unum4
1440 3153 1608 3216 male
1657 3153 1724 3215 in
1771 3158 1911 3217 tota
1955 3151 2225 3235 Ispania

534 3265 602 3323 et
646 3257 991 3324 Vasconia.
1057 3258 1385 3325 Habeant.

444 3489 722 3556 Forma
766 3491 1194 3556 iuramenti
1238 3491 2046 3575 penitenciariorum.6

353 3633 517 3715 Ego,
568 3682 582 3696 .
623 3682 636 3697 .
688 3632 931 3697 ordinis
982 3683 995 3697 .
1033 3682 1046 3696 .
1096 3632 1441 3716 professor,
1492 3634 1737 3698 domini
1767 3636 1972 3698 nostri
2009 3655 2177 3718 pape
2209 3635 2734 3718 penitenciarius,

172 3740 255 3804 ab
324 3739 449 3803 hac
503 3738 664 3803 hora
718 3740 984 3804 inantea
1047 3738 1257 3804 fidelis
1325 3762 1432 3805 ero
1502 3740 1697 3805 beato
1753 3740 1951 3806 Petro
2027 3747 2379 3824 sancteque
2442 3741 2736 3806 Romane

173 3846 445 3911 ecclesie
508 3867 585 3910 ac
647 3845 904 3911 domino
973 3852 1195 3911 nostro
1261 3846 1519 3912 domino
1565 3847 1833 3913 Urbano
1890 3869 2058 3932 pape
2104 3847 2217 3912 VI.
2278 3849 2537 3930 suisque
2595 3870 2735 3912 suc-

355 4025 373 4056 ¹
412 4023 620 4079 Hierzu
666 4042 756 4079 am
792 4024 1011 4080 Raude:
1060 4024 1311 4090 Qualiter
1357 4028 1542 4080 iurant
1586 4030 2001 4083 examinatores.
2166 4027 2189 4059 ²
2223 4027 2386 4082 Korr.
2426 4045 2537 4082 von
2593 4027 2733 4081 dei-S.

174 4111 343 4166 Hand
370 4131 469 4168 aus
495 4132 575 4168 ex,
687 4112 709 4145 ⁸
732 4113 997 4168 Habeant
1019 4114 1078 4166 in
1094 4115 1255 4184 jeder
1278 4115 1428 4170 Zeile
1454 4116 1882 4188 nachgetragen.
1993 4115 2016 4147 4
2040 4104 2196 4171 Uber
2220 4121 2595 4186 competenter
2619 4116 2734 4169 und

174 4201 311 4255 iiber
334 4220 508 4255 unum
532 4202 753 4256 Kreuze
777 4205 879 4256 mit
902 4202 1205 4259 schwarzer
1229 4203 1412 4258 Tinte.
1449 4204 1725 4260 Daneben
1750 4205 2040 4259 innerhalb
2066 4207 2164 4259 der
2188 4204 2328 4260 noch
2353 4204 2443 4258 fiir
2467 4205 2575 4260 den
2594 4205 2736 4259 Text

175 4288 818 4346 bestimmtenKolumne
836 4294 894 4344 in
913 4291 1215 4347 schwarzer
1232 4292 1422 4347 Tinte:
1445 4293 1754 4348 dominus
1772 4294 2116 4366 Urbanusgss
2136 4312 2265 4349 non
2289 4293 2538 4363 voluit,
2560 4295 2733 4364 quod

175 4378 289 4431 isti
326 4379 672 4435 haberent.
734 4367 891 4434 Uber
917 4380 1080 4450 jeder
1116 4381 1214 4435 der
1237 4381 1427 4436 Zeilen
1463 4384 1554 4435 ein
1590 4383 1777 4436 Kreuz
1813 4400 1925 4438 von
1961 4382 2266 4440 schwarzer
2292 4383 2474 4438 Tinte.
2536 4383 2734 4436 Diescr

176 4464 370 4522 Zusatz
405 4464 735 4523 vermutlich
771 4487 881 4524 von
918 4469 1212 4526 derselben
1247 4470 1442 4540 Hand,
1490 4470 1580 4524 die
1618 4470 1726 4524 den
1762 4470 1905 4525 Text
1940 4471 2171 4526 schrieb.
2328 4473 2350 4504 ⁵
2384 4472 2494 4525 Die
2530 4472 2733 4526 Forma

177 4553 466 4610 iuramenti
511 4559 1058 4628 penitenciariorum,
1111 4558 1319 4616 welche
1369 4560 1477 4614 den
1513 4559 1650 4613 Rest
1695 4577 1805 4614 von
1843 4560 1999 4614 Blatt
2039 4561 2105 4614 7¹²
2152 4562 2464 4628 einnimmt,
2514 4563 2585 4614 ist
2621 4578 2730 4615 von

180 4644 408 4698 andex-er
444 4645 612 4699 Hand
652 4649 751 4700 mit
788 4647 1062 4701 kleinerer
1099 4648 1303 4701 Schrift
1340 4649 1453 4701 und
1492 4650 1547 4701 in
1586 4667 1826 4717 engeren
1865 4649 2051 4703 Zeilen
2091 4649 2516 4719 nachgetragen.
