3242 5184
200 1293 319 1347 Fol.
361 1298 426 1348 ’Π
439 1302 479 1348 ⁸.

1534 251 2022 315 -150—

510 432 577 493 et
630 448 708 492 ea
761 425 842 492 de
896 425 1365 510 capitularibus
1427 427 1561 491 suis
1608 426 1993 492 mandamus
2046 425 2220 491 infra
2262 425 2334 491 H
2377 448 2633 493 menses
2676 431 2825 511 post
2869 427 3056 492 huius

508 533 1013 617 publicationem
1045 533 1243 598 edicti
1273 532 1532 616 penitus
1580 532 1854 617 aboleri,
1901 538 1967 598 et
2012 535 2068 598 si
2116 532 2195 599 de
2243 540 2457 599 cetero
2504 534 2740 599 similia
2785 539 3057 618 attemp-

508 641 808 722 taverint,
872 641 1014 723 ipso
1079 641 1219 705 iure
1285 639 1688 704 decernimus
1754 661 1898 706 esse
1950 640 2132 705 nulla
2186 646 2252 705 et
2298 661 2408 705 eos
2455 662 2574 706 8116
2617 641 3059 706 iurisdictione

509 749 795 832 privatos
860 768 1108 812 necnon
1181 747 1394 812 locum
1416 797 1432 828 ,
1497 746 1610 811 ubi
1627 747 1648 784 ¹
1723 745 2024 832 deinceps
2096 747 2258 812 talia
2321 748 2736 832 presumpta2
2802 747 3056 829 fuerint,

510 854 725 919 banno
800 854 977 918 mille
1049 853 1463 919 marcharum
1534 855 1923 939 precipimus
1990 854 2343 919 subiacere.
2455 854 2824 920 Potestates
2893 877 3057 937 vem,

511 961 827 1043 consules,
861 966 1164 1042 16010168,
1199 961 1495 1043 statuarij
1532 966 1599 1025 et
1630 962 1978 1046 scriptores
2012 967 2406 1027 statutorum
2453 961 2771 1026 dictorum
2817 982 3061 1027 necnon

512 1067 859 1151 consiliarij
916 1068 1204 1132 locorum
1258 1067 1547 1150 ipsorum
1602 1073 1667 1132 et
1724 1069 1836 1151 qui
1884 1067 2237 1133 secundum
2283 1073 2533 1133 statuta
2577 1068 2679 1132 vel
2724 1074 3060 1133 consuetu-

516 1174 696 1240 dines
728 1179 1121 1240 memoratas
1160 1172 1609 1257 iudicaverint,
1661 1176 1792 1239 sint
1823 1180 2058 1241 extunc
2103 1176 2246 1260 ipso
2277 1175 2416 1240 iure
2447 1175 2741 1258 infameS,
2791 1197 3060 1259 quorum

518 1282 873 1348 sententias
922 1287 988 1345 et
1032 1285 1216 1344 actus
1264 1279 1426 1345 alios
1457 1281 1781 1364 legitimos
1815 1283 2161 1347 statuimus
2194 1282 2607 1365 aliquatenus
2632 1287 2657 1366 Η
2680 1277 2810 1348 non
2840 1284 3058 1347 teneri.

518 1387 765 1471 Quodsi
818 1408 936 1471 per
990 1408 1229 1451 annum
1282 1387 1474 1452 huius
1529 1394 1750 1453 nostre
1810 1390 2289 1454 constitutionis
2343 1390 2589 1453 inventi
2632 1387 2881 1454 fuerint
2923 1411 3060 1454 con-

515 1500 899 1587 temptoreS,
956 1493 1130 1558 bona
1183 1514 1407 1559 eorum
1460 1516 1578 1577 per
1635 1501 1846 1560 totum
1908 1501 2201 1559 nostrum
2264 1496 2608 1580 imperium
2685 1496 3060 1561 mandamus

516 1603 777 1686 impune
821 1600 904 1665 ab
937 1599 1233 1679 omnibus
1282 1603 1604 1684 occupari,
1656 1602 1851 1666 salvis
1883 1602 2337 1667 nichilominus
2384 1603 2532 1686 alijs
2576 1602 2800 1686 penis³
2848 1609 3061 1668 contra

517 1709 682 1774 tales
728 1710 797 1772 in
841 1698 1153 1792 generali
1187 1707 1454 1772 consilio
1508 1708 1954 1791 promulgatis
2023 1704 2216 1773 'Item
2270 1710 2452 1774 nulla
2496 1710 2928 1775 communitas
2971 1710 3064 1774 vel

517 1837 815 1900 persona,
880 1814 1142 1899 publica
1203 1814 1306 1878 vel
1368 1815 1645 1898 privata,
1712 1816 2015 1881 collectas
2081 1817 2214 1881 sive
2287 1817 2654 1882 exactiones
2676 1867 2692 1898 ,
2767 1818 3062 1900 angarias

517 1923 618 1987 vel
662 1921 1125 2006 perangarias4
1178 1921 1509 2004 ecclesijs⁵
1563 1922 1841 2006 alijsque
1886 1923 2013 2006 pijs
2058 1923 2218 1988 locis
2266 1929 2383 1987 aut
2426 1923 2884 1989 ecclesiasticis
2930 1945 3062 2008 per-

519 2031 694 2095 sonis
740 2029 1077 2113 imponant
1122 2034 1238 2093 aut
1281 2027 1629 2093 invadere⁶
1673 2030 2113 2095 ecclesiastica
2166 2030 2339 2095 bona
2393 2035 2790 2113 presumant.
2889 2029 3066 2113 Quod

520 2137 575 2201 si
621 2135 892 2200 fecerint
946 2140 1013 2200 et
1064 2136 1365 2219 requisiti
1421 2135 1505 2200 ab
1563 2136 1838 2201 ecclesia
1891 2137 1992 2200 vel
2037 2137 2309 2220 imperio
2357 2133 2700 2201 emendare
2747 2144 3066 2221 contemp-

520 2244 741 2325 serint,
788 2243 1053 2327 triplum
1097 2242 1447 2308 refundant
1477 2248 1543 2307 et
1586 2243 2038 2308 nichilominus
2070 2243 2284 2309 banno
2315 2244 2636 2328 imperiali
2674 2244 3066 2325 subiaceant,

520 2350 694 2435 quod
739 2349 989 2434 absque
1036 2349 1479 2416 satisfactione
1536 2349 1758 2415 debita
1804 2350 2174 2415 nullatenus
2219 2352 2612 2416 remittatur.
2703 2350 2877 2416 Item
2923 2373 3065 2434 que-

520 2478 795 2540 cumque
850 2457 1276 2522 communitas
1342 2457 1445 2522 vel
1496 2478 1776 2541 persona
1827 2478 1946 2541 per
2008 2478 2248 2523 annum
2293 2458 2362 2521 in
2416 2459 3067 2523 excommunicatione

445 2652 454 2660 .
519 2569 787 2650 propter
848 2563 1220 2629 libertatem
1285 2565 1553 2629 ecclesie
1618 2563 1793 2629 facta
1856 2565 2218 2647 perstiterit
2236 2564 2279 2646 ⁷,
2345 2565 2486 2648 ipso
2549 2565 2689 2630 iure
2753 2564 3066 2650 imperiali

520 2672 736 2736 banno
783 2671 1138 2753 subiaceat,
1187 2692 1227 2735 a
1274 2693 1401 2754 quo
1448 2671 1815 2735 nullatenus
1864 2671 2263 2753 extrahatur,
2311 2672 2436 2736 nisi
2472 2673 2655 2755 prius
2687 2672 2771 2737 ab
2805 2671 3067 2736 ecclesia

522 2777 836 2843 beneficio
884 2777 1310 2843 absolutionis
1359 2777 1645 2843 obtento.
1741 2776 2099 2842 Statuimus
2133 2783 2371 2860 autem,
2420 2783 2493 2841 ut
2522 2777 2739 2842 nullus
2773 2778 3064 2843 ecclesia-

523 2886 754 2949 sticam
798 2905 1143 2968 personam
1188 2886 1256 2948 in
1303 2884 1621 2949 criminali
1669 2885 2006 2966 questione
2037 2885 2138 2948 vel
2168 2884 2341 2948 civili
2371 2884 2629 2949 trahere
2661 2885 2744 2949 ad
2775 2884 3064 2949 iuditium

524 2992 814 3058 seculare
886 2997 1221 3075 presumat
1293 2996 1520 3056 contra
1594 2992 2086 3056 constitutiones
2161 2991 2528 3075 imperiales
2603 2996 2669 3055 et
2733 2992 3062 3056 canonicas

523 3100 909 3165 sanctiones·
1005 3097 1193 3181 Quod
1241 3099 1297 3162 si
1329 3097 1572 3180 fecerit,
1621 3103 1803 3162 actor
1849 3120 1889 3162 a
1933 3099 2075 3161 iure
2122 3119 2238 3162 suo
2285 3097 2496 3179 cadat,
2544 3097 2904 3162 iudicatum
2947 3117 3064 3160 non

522 3212 763 3289 teneat,
812 3211 878 3271 et
907 3205 1102 3270 iudex
1135 3206 1220 3269 sit
1265 3209 1501 3269 extunc
1546 3204 1876 3269 iudicandi
1920 3209 2243 3288 potestate
2274 3204 2565 3288 privatus
2581 3204 2624 3267 ⁸.
2705 3202 3060 3269 Sanctimus

523 3314 740 3397 etiam,
788 3319 880 3395 ut,
931 3313 1085 3399 [si]⁹
1130 3313 1243 3395 qui
1290 3312 1539 3376 clericis
1571 3311 1674 3376 vel
1709 3311 2003 3396 personis
2035 3311 2489 3375 ecclesiasticis
2526 3310 2856 3375 iusticiam
2886 3309 3061 3374 dene-

508 3441 676 3503 gare
722 3420 1254 3505 presumpserint,
1321 3419 1513 3483 tertio
1577 3418 1876 3501 requisiti
1940 3439 2125 3483 suam
2179 3417 2692 3483 iurisdictionem
2751 3418 3060 3482 amittant.

524 3527 817 3609 CatarOS,
850 3526 1230 3608 PatarenoS,
1261 3524 1627 3607 Leonistas‚
1662 3523 2073 3608 Speronistas
2092 3525 2164 3607 1⁰,
2196 3524 2632 3607 ArnaldistaS,
2666 3524 3060 3589 circumcisos

524 3639 592 3699 et
636 3654 855 3699 omnes
899 3634 1218 3698 hereticos
1263 3632 1602 3714 utriusque
1651 3652 1862 3714 8611118,
1910 3652 2320 3715 quocumque
2366 3631 2625 3696 nomine
2672 3635 3058 3708 censeantur,

522 3744 838 3825 perpetua
883 3740 1265 3805 damnamus
1311 3738 1598 3820 infamia,
1647 3737 2015 3803 diffidamus
2062 3745 2259 3821 atque
2305 3738 2671 3820 bannimuS,
2719 3742 3056 3815 0611866168,

524 3853 600 3912 ut
661 3847 835 3913 bona
895 3846 1124 3911 talium
1190 3844 1616 3910 confiscentur
1677 3866 1794 3909 nec
1860 3845 1943 3909 ad
2008 3867 2117 3911 eos
2172 3845 2443 3911 ulterius
2490 3851 2917 3926 revertantur,
2977 3843 3058 3905 ita

524 3954 699 4038 quod
743 3953 856 4037 filij
902 3953 995 4018 eis
1034 3974 1165 4017 non
1206 3950 1640 4035 succedantll,
1690 3974 1835 4016 cum
1880 3952 2068 4035 longe
2116 3953 2201 4016 sit
2244 3953 2503 4034 gravius
2551 3958 2839 4017 eternam
2883 3969 3055 4033 quam

523 4060 948 4145 temporalem
1003 4057 1326 4125 offendere
1381 4059 1806 4123 maiestatem.
1901 4056 2030 4140 Qui
2084 4064 2302 4123 autem
2356 4059 2600 4123 inventi
2654 4058 2892 4123 fuerint
2934 4055 3054 4120 sola

705 4347 725 4379 ¹
761 4345 997 4401 Hdschr.
1036 4346 1134 4401 ubi
1170 4346 1367 4400 locum.
1537 4344 1558 4376 ²
1594 4343 1858 4399 Hdschr.:
1897 4361 1947 4399 o.
2120 4344 2140 4374 ⁸
2175 4346 2195 4398 i
2230 4343 2376 4399 korr.
2403 4361 2504 4398 aus
2542 4361 2572 4399 e
2598 4342 2772 4398 durch
2796 4340 3047 4397 Daruber-

524 4435 827 4494 schreiben.
995 4433 1018 4466 ⁴
1053 4433 1316 4489 Hdschr.:
1350 4435 1665 4505 pangarias.
1835 4434 1857 4465 ⁵
1892 4433 2155 4488 Hdschr.:
2194 4434 2468 4488 ecclesias.
2630 4433 2654 4466 ⁰
2689 4431 2948 4487 Hdschr.:
2980 4429 3048 4479 in·

525 4527 731 4583 videre.
902 4524 922 4556 ⁷
957 4522 1219 4579 Hdschr.:
1255 4524 1559 4594 prestiterit
1737 4523 1760 4555 ⁸
1794 4521 2057 4578 Hdschr.:
2095 4540 2171 4577 os.
2352 4522 2376 4555 ⁹
2410 4520 2579 4577 Fehlt
2610 4523 2672 4576 in
2707 4522 2806 4577 der
2838 4515 3046 4574 Hdschr-

530 4619 573 4654 ¹⁰
609 4615 845 4676 Hdschr.
882 4616 1048 4691 Spon.
1197 4614 1239 4650 ²¹
1278 4615 1351 4675 So
1387 4614 1500 4672 fiir:
1540 4614 1613 4670 ad
1649 4614 2045 4673 successionem
2082 4631 2271 4669 eorum
2305 4615 2599 4689 pervenire
2633 4631 2747 4672 non
2779 4612 2986 4689 possint.
