3242 5184
1300 248 1790 310 ——183—a

264 424 444 488 utin
474 425 862 508 scripturam
891 424 1257 489 litterarum
1304 446 1677 508 grossarum
1724 431 1875 491 note
1920 409 2291 493 huiusmodi
2337 426 2718 508 redigantur
2764 429 2829 491 et

264 530 352 595 de
386 531 807 615 scriptoribus
838 530 983 596 ideo
1016 532 1255 596 nostris
1287 531 1605 597 dictarum
1639 554 1919 616 congrue
1951 534 2393 599 subnectiturl
2440 533 2823 617 litterarum.

263 637 458 703 Unde
526 637 871 703 statuimus
936 644 1002 703 et
1065 640 1262 704 etiam
1328 639 1700 705 ordinamus
1723 689 1739 722 ,
1807 640 1980 722 quod
2047 642 2394 725 scriptores
2459 640 2825 705 litterarum

263 745 774 828 apostolicarum
820 766 937 829 per
983 747 1280 812 civitates
1330 767 1443 811 seu
1490 746 1723 828 locum,
1772 747 1884 812 ubi
1932 748 2114 813 curia
2158 748 2456 812 Romana
2506 752 2531 831 ΙΙ
2581 745 2825 811 residet
2880 757 2998 813 Fol.
3022 757 3140 812 95¹³.

260 852 367 917 vel
413 852 727 918 residebit
770 853 1068 935 inantea,
1126 875 1273 917 cum
1319 854 1592 921 honesto
1639 854 1945 920 incedant
1988 855 2248 936 habitu,
2315 876 2479 938 capa
2524 854 2825 918 videlicet

258 959 549 1025 rotunda
612 960 713 1024 vel
769 960 960 1043 longo
1017 960 1292 1026 tabardo
1349 962 1642 1043 aliasque
1696 963 1764 1025 in
1819 962 2009 1028 domo
2066 968 2132 1027 et
2187 968 2371 1027 extra
2425 962 2694 1027 honeste
2754 982 2822 1026 se

257 1073 514 1150 gerant.
593 1066 684 1132 Et
714 1069 825 1150 qui
855 1067 978 1132 hoc
1008 1091 1137 1133 non
1184 1069 1564 1150 servaverit,
1613 1069 2121 1153 vicecancellarij
2175 1068 2445 1134 arbitrio
2493 1069 2819 1153 puniatur.

445 1172 637 1256 Quod
694 1174 908 1240 nullus
968 1175 1492 1240 abbreviatorum
1549 1181 1614 1240 et
1670 1177 2058 1260 scriptorum
2118 1175 2556 1259 predictorum
2600 1182 2825 1240 teneat

258 1280 526 1364 publice
557 1282 1005 1364 concubinam,
1055 1290 1120 1348 et
1152 1284 1206 1348 si
1238 1283 1390 1365 qui2
1437 1283 1568 1348 sint
1597 1283 1746 1348 illas
1780 1283 2115 1365 habenteS,
2149 1304 2259 1349 eas
2291 1283 2464 1348 infra
2501 1288 2647 1348 octo
2680 1281 2819 1348 dies

254 1393 417 1472 post
463 1386 967 1472 publicationem
1012 1389 1380 1455 huiusmodi
1428 1392 1660 1455 statuti
1706 1397 1772 1455 et
1818 1391 2245 1456 ordinationis
2293 1392 2549 1456 omnino
2606 1388 2818 1453 dimit-

253 1502 412 1560 tant
433 1545 449 1577 ,
496 1495 641 1561 illas
689 1496 966 1562 extunc3
1010 1498 1111 1562 vel
1158 1496 1319 1562 alias
1367 1499 1629 1562 minime
1676 1497 2040 1562 admissuri.
2138 1495 2327 1578 Quod
2374 1498 2430 1561 si
2476 1519 2605 1562 non
2651 1495 2818 1562 fece-

251 1603 398 1666 rint
462 1608 527 1668 et
590 1603 894 1688 deinceps
959 1604 1055 1667 illi
1123 1604 1221 1669 vel
1278 1604 1385 1689 alij
1445 1606 1688 1689 reperti
1741 1605 1985 1669 fuerint
2038 1605 2325 1687 aliquam
2383 1626 2498 1670 seu
2564 1604 2817 1687 aliquas

250 1716 485 1774 tenere
531 1710 815 1794 publice,
864 1717 938 1776 ut
982 1711 1330 1795 prefertur,
1389 1711 1643 1778 officio4
1687 1713 2021 1796 priventur
2063 1718 2376 1795 perpetuo
2424 1710 2815 1777 eorumdem.

252 1817 355 1882 Et
399 1839 593 1901 super
636 1817 759 1882 hoc
805 1840 973 1882 unus
1021 1817 1220 1883 alium
1270 1819 1519 1884 deferre
1566 1819 1741 1884 dicto
1788 1817 2316 1884 vicecancellario
2361 1824 2681 1902 teneatur.

427 1922 634 2007 ,Quod
679 1925 897 1989 nullus
945 1925 1318 1991 eorumdem
1367 1927 1754 2010 scriptorum
1801 1947 1920 2010 pro
1968 1925 2325 1991 scribendis
2371 1925 2608 1989 litteris
2664 1947 2817 2010 apo-

254 2031 510 2096 stolicis
565 2052 683 2096 nec
748 2038 898 2097 ante
963 2054 1082 2098 nec
1137 2040 1286 2117 post
1349 2035 1766 2117 scriptionem
1826 2034 2116 2116 ipsarum
2180 2033 2352 2097 ultra
2415 2033 2817 2097 taxationem

254 2138 584 2202 dictarum
621 2138 986 2205 litterarum
1020 2139 1266 2222 aliquid
1313 2141 1605 2224 recipiat,
1657 2142 1851 2205 etiam
1899 2140 1954 2203 si
2001 2140 2203 2222 gratis
2244 2138 2555 2204 offeratur
2586 2138 2814 2203 eidem.

252 2244 674 2310 Contrarium
721 2268 871 2312 vero
918 2246 1230 2313 facientes
1280 2247 1546 2332 duplum
1592 2248 1944 2312 restituant
1975 2251 2041 2311 et
2071 2267 2187 2330 per
2217 2245 2815 2312 vicecancellarium

211 2396 218 2401 -
252 2353 784 2437 suspendantur5
828 2375 946 2437 per
991 2376 1190 2418 unum
1237 2376 1524 2420 mensem
1570 2355 1654 2420 ab
1702 2352 1905 2419 offitio
1955 2354 2311 2436 scriptorie.

439 2458 629 2542 Quod
659 2461 857 2543 ijdem
890 2462 1237 2545 scriptores
1283 2461 1534 2527 litteras
1580 2461 2032 2526 rescribendas
2079 2461 2284 2544 gratis
2330 2460 2572 2541 statim,
2620 2460 2815 2526 etiam

251 2573 412 2632 ante
444 2589 642 2650 quam
674 2567 837 2632 alias
876 2567 1148 2650 litteras,
1199 2569 1480 2634 scribere
1526 2569 1861 2652 incipiant,
1910 2568 2035 2632 nisi
2080 2567 2294 2632 forent
2339 2568 2404 2632 in
2454 2567 2813 2632 scribendis

248 2675 493 2739 litteris
527 2674 607 2739 de
639 2677 820 2740 curia
852 2677 1169 2760 occupati,
1218 2682 1284 2740 et
1328 2675 1449 2740 hoc
1497 2676 1744 2759 absque
1790 2676 2310 2741 remuneratione
2342 2675 2583 2758 aliqua,
2617 2676 2814 2740 etiam

251 2783 317 2846 si
361 2782 454 2846 eis
500 2783 703 2865 gratis
752 2782 1044 2850 oblatum
1090 2784 1413 2848 existeret.
1508 2782 1578 2849 Si
1634 2805 1784 2849 vero
1832 2783 2228 2848 contrarium
2276 2781 2572 2864 fecerint,
2621 2781 2812 2847 modo

251 2889 454 2954 simili
500 2890 873 2974 puniantur.

437 2995 626 3079 Quod
671 2996 886 3061 nullus
935 2996 1307 3062 eorumdem
1346 2999 1732 3082 scriptorum
1779 3020 1897 3082 pro
1945 2997 2169 3079 aliqua
2213 2997 2432 3062 littera
2463 2996 2813 3061 distributa

251 3105 460 3187 gratis
507 3126 622 3186 pro
671 3103 790 3169 deo
845 3104 1091 3187 aliquid
1150 3106 1422 3189 recipiat
1481 3106 1679 3170 etiam
1740 3106 1943 3187 gratis
1999 3104 2307 3169 oblatum.
2402 3103 2811 3169 Contrarium

253 3232 407 3276 vero
455 3210 698 3276 faciens
745 3232 914 3295 pena
962 3212 1155 3276 simili
1202 3213 1527 3296 puniatur.
1801 3238 1809 3270 ι
2867 3264 2895 3295 ,

436 3315 624 3398 Quod
655 3317 871 3382 nullus
905 3319 1293 3402 scriptorum
1323 3320 1612 3403 ipsorum
1646 3320 1784 3383 sine
1817 3318 2272 3383 distributione
2310 3317 2805 3401 rescribendarij

253 3424 355 3490 vel
405 3424 845 3490 distributoris
894 3447 1010 3492 seu
1057 3426 1325 3491 alterius
1373 3447 1567 3509 super
1612 3425 1736 3491 hoc
1781 3430 2172 3510 potestatem
2219 3424 2519 3489 habentis
2549 3425 2812 3498 ,scribat

252 3532 506 3597 litteras
554 3533 833 3614 gratiam
879 3532 980 3596 vel
1025 3534 1340 3598 iustitiam
1388 3534 1824 3614 continenteS,
1891 3532 2017 3596 nisi
2072 3533 2276 3614 gratis
2332 3532 2527 3596 fuerit
2580 3533 2808 3596 rescri-

256 3639 488 3705 benda.
568 3639 659 3704 Et
704 3641 816 3721 qui
864 3642 1260 3705 contrarium
1307 3640 1552 3722 fecerit,
1601 3661 1718 3724 per
1765 3661 1964 3703 unum
1998 3659 2284 3705 mensem
2318 3634 2401 3703 ab
2434 3639 2571 3703 eius
2605 3637 2807 3703 offitio

253 3746 708 3831 suspendatur.
986 3750 989 3753 ’

435 3852 622 3936 Quod
687 3853 883 3937 ijdem
941 3856 1316 3939 scriptoreS,
1375 3876 1454 3918 ex
1508 3876 1637 3938 quo
1693 3854 1945 3920 litteras
1994 3853 2370 3920 scribendas
2427 3854 2807 3938 receperint,

250 3960 400 4025 illas
447 3960 617 4026 infra
665 3982 776 4026 sex
824 3960 960 4025 dies
1011 3962 1293 4028 scribere
1340 3985 1418 4027 ac
1463 3964 1841 4048 impetranti
1874 3983 1986 4028 eas
2020 3960 2462 4026 satisfactione
2493 3961 2811 4044 premissa

249 4089 321 4132 re
340 4071 364 4151 ΙΙ
382 4067 650 4133 stituere
698 4074 1070 4149 teneantur,
1120 4070 1245 4135 nisi
1291 4070 1650 4153 legitimum
1696 4068 2227 4153 impedimentum
2271 4067 2586 4148 habeant,
2636 4067 2809 4149 quod
2867 4067 2983 4122 Fol.
3008 4074 3124 4121 96⁸·

251 4174 510 4255 statim,
579 4176 634 4239 si
699 4182 998 4240 occurrat
1072 4177 1172 4241 vel
1238 4199 1383 4241 cum
1448 4176 1617 4241 infra
1680 4175 2050 4241 huiusmodi
2115 4181 2370 4258 tempus
2436 4174 2806 4255 occurrerit,

247 4282 768 4347 rescribendario
841 4303 957 4348 seu
1027 4282 1432 4348 distributori
1506 4282 1869 4366 significare
1937 4304 2014 4348 ac
2091 4289 2312 4347 notam
2377 4302 2492 4347 seu
2554 4281 2807 4346 litteras

238 4586 249 4595 ,
433 4534 450 4565 ¹
490 4533 723 4588 Hdschr.
762 4533 1088 4590 subnetitur.
1308 4536 1328 4566 ²
1370 4534 1490 4589 Aus
1534 4537 1673 4604 (11110.
1754 4553 1780 4588 0
1824 4535 1997 4589 durch
2040 4533 2551 4605 Unterpunktieren
2593 4531 2805 4603 getilgt.

248 4624 270 4655 ³
296 4642 363 4683 ex
388 4622 493 4685 auf
509 4623 705 4684 Rasur.
832 4621 855 4652 ⁴
879 4641 912 4678 o
937 4622 1075 4679 iiber
1096 4642 1152 4701 y.
1214 4625 1495 4686 Letzteres
1532 4623 1959 4685 durchstrichen.
2095 4624 2116 4657 ⁵
2152 4622 2387 4682 Hdschr.
2424 4621 2805 4697 suspendatur.
