3242 5184
152 1330 270 1384 Fol.
312 1335 379 1384 46
390 1336 429 1382 ⁸.

1528 292 1976 352 -gssd

471 471 710 535 fuerint
772 469 1097 535 interdicti
1162 476 1277 534 aut
1347 470 1542 534 etiam
1606 467 1864 552 publice
1928 465 2240 548 usurarij,
2306 466 2723 532 tumulandos
2779 465 3036 532 deferre

470 578 555 643 ad
618 577 926 643 ecclesias
991 576 1332 660 hospitalis
1388 583 1454 640 et
1509 572 1872 641 oblationes
1927 580 2061 638 tam
2115 596 2234 656 pro
2292 574 2384 638 eis
2442 594 2639 655 quam
2693 595 2811 657 pro
2861 573 3034 658 alijs,

470 687 582 768 qui
628 686 695 750 in
742 705 965 749 eorum
983 685 1004 722 1
1052 683 1386 766 cimiterijs
1432 684 1867 764 requiescunt,
1916 680 2239 746 exhibitas
2288 682 2428 746 81110
2460 681 2655 746 alieni
2693 682 2855 745 iuris
2887 703 3034 764 pre-

468 792 700 857 iuditio
757 792 1065 872 retinere,
1124 790 1247 855 hoc
1294 792 1491 855 etiam
1538 788 1789 870 addito,
1850 794 1925 853 ut
1969 794 2338 871 receptores
2385 788 2814 853 fraternitatis
2863 790 3035 853 eius-

471 898 617 964 dem
665 919 779 963 seu
825 900 1022 962 etiam
1071 897 1486 962 collectarum
1527 895 1704 961 salvo
1750 897 1891 961 iure
1938 895 2346 961 dominorum
2393 916 2657 960 suorum
2699 894 2820 960 sub
2854 895 3037 961 beati

468 1006 649 1071 Petri
683 1010 748 1087 et
794 1011 1019 1070 nostra
1064 1005 1464 1087 protectione
1504 1004 1883 1069 consistant.
1978 1002 2314 1067 Adicimus
2355 1005 2640 1086 insuper,
2688 1007 2781 1085 ut,
2831 1004 2888 1067 si
2920 1002 3038 1084 qui

471 1112 827 1178 eorundum
893 1110 1188 1193 fratrum,
1254 1113 1366 1193 qui
1431 1111 1514 1175 ad
1579 1110 1840 1175 easdem
1904 1110 2347 1175 fraternitates
2402 1111 2582 1176 missi
2645 1110 2889 1176 fuerint
2932 1109 3039 1174 vel

470 1219 805 1300 collectas,
882 1219 949 1283 in
1023 1218 1384 1301 quamlibet
1456 1217 1813 1300 civitatem,
1891 1217 2228 1283 castellum
2302 1217 2402 1282 vel
2475 1219 2690 1283 vicum
2755 1219 3035 1284 advene-

471 1328 639 1409 rint,
716 1326 771 1390 si
825 1326 1010 1399 forte
1082 1325 1263 1391 100118
1335 1326 1444 1390 1110
1520 1347 1561 1389 a
1647 1324 1880 1389 divinis
1960 1325 2156 1389 fuerit
2234 1324 2464 1410 officijs
2537 1326 2924 1391 interdictus
2949 1375 2966 1408 ,
3020 1327 3039 1413 j}

468 1436 536 1499 in
622 1454 845 1498 eorum
939 1432 1215 1531 iocundo
1300 1432 1583 1496 adventu
1677 1432 1876 1496 semel
1962 1435 2340 1515 aperiantur
2424 1433 2693 1498 ecclesie
2785 1455 3036 1498 annua-

469 1542 587 1605 tim
645 1545 730 1619 et,
789 1540 1361 1605 excommunicatis
1417 1545 1502 1629 et·
1527 1541 1909 1605 nominatim
1966 1540 2328 1605 interdictis
2375 1540 2618 1621 eiectiS,
2676 1540 2897 1605 divina
2941 1540 3036 1604 ibi

471 1646 688 1713 officia
734 1645 1158 1712 celebrentur.
1254 1645 1447 1711 Salva
1493 1648 1560 1711 in
1606 1646 1906 1711 omnibus
1962 1647 2352 1731 supradictis
2398 1647 2836 1712 declaratione
2883 1669 3037 1713 con-

415 1763 419 1767 ’
472 1753 600 1837 cilij
680 1753 1021 1836 generalis.
1134 1752 1240 1818 Ad
1317 1753 1629 1818 maiorem
1705 1775 1961 1836 quoque
2037 1761 2248 1819 vestre
2323 1753 2639 1819 mercedis
2703 1754 3039 1847 cumulum

468 1860 924 1926 nichilominus
988 1860 1171 1928 vobis
1235 1860 1604 1926 mandando
1659 1862 2072 1944 precipimuS,
2144 1862 2450 1945 quatinus
2511 1862 2682 1926 hanc
2743 1867 3039 1926 nostram

472 1968 1003 2033 constitucionem
1025 1989 1141 2051 per
1159 1966 1537 2050 parrochias
1569 1974 1820 2033 vestras
1859 1969 2145 2033 nuntiari
2176 1969 2455 2052 proprijs
2487 1967 2737 2033 litteris,
2754 1968 3039 2035 faciatis,

470 2074 860 2140 Mandamus
893 2074 1235 2158 siquidem,
1270 2081 1363 2156 ut,
1399 2076 1454 2138 si
1486 2075 1598 2157 qui
1631 2075 1712 2140 de
1743 2075 1997 2140 clericis
2028 2076 2448 2140 ecclesiarum
2494 2081 2857 2140 vestrarum
2888 2098 3038 2160 pre-

472 2182 593 2247 fati
646 2181 989 2266 hospitalis
1043 2178 1356 2247 fratribus
1412 2203 1558 2247 cum
1613 2181 1880 2248 licentia
1932 2184 2167 2266 prelati
2225 2190 2292 2248 et
2337 2182 2607 2267 capituli
2653 2184 2755 2247 sui
2803 2191 3040 2265 sponte

474 2310 552 2353 ac
597 2289 801 2371 gratis
847 2310 965 2373 per
1012 2311 1252 2354 annum
1284 2289 1384 2354 vel
1415 2289 1748 2355 biennium
1782 2287 2184 2354 decreverint
2223 2289 2567 2371 deservire,
2615 2311 3039 2373 nequaquam

472 2396 918 2480 impediantur
965 2403 1031 2461 et
1074 2398 1333 2462 interim
1380 2419 1498 2462 sua
1543 2395 1852 2462 benefitia
1897 2419 2025 2462 non
2073 2398 2397 2462 amittant.

742 2645 1070 2711 Venera2
1102 2646 1119 2733 ᾗ,
1150 2645 1441 2710 bilibus
1475 2644 1854 2711 fratribus
1889 2645 2503 2731 archiepiscopis
2536 2654 2611 2712 et
2641 2649 3038 2731 episcopis

828 2775 966 2837 per
1007 2751 1364 2835 Angliam
1414 2755 1887 2819 constitutis

651 2913 891 2979 Dilecti
921 2912 1036 2997 filij
1072 2913 1306 2977 fratres
1354 2913 1584 2978 militie
1626 2914 1850 2997 templi
1892 2917 1958 2979 in
1998 2914 2241 2998 Anglia
2270 2936 2534 2998 gravem
2581 2916 2769 2981 nobis
2818 2920 3036 3000 queri-

473 3023 756 3086 moniam
804 3020 1248 3102 destinarunt,
1316 3019 1491 3102 quod
1538 3021 1803 3103 quidam
1849 3042 2073 3098 eorum
2129 3023 2382 3106 vicarij,
2443 3025 2553 3106 qui
2608 3029 2912 3088 tenentur
2967 3027 3039 3090 in

475 3130 609 3193 suis
645 3128 940 3211 ecclesijs
970 3114 1403 3211 personaliter
1433 3126 1778 3209 deservire,
1819 3134 2047 3194 contra
2076 3129 2476 3194 voluntatem
2514 3132 2802 3213 ipsorum
2843 3138 2909 3197 et
2939 3135 3036 3198 in-

473 3235 856 3307 hibitionem
930 3234 1102 3300 sedis
1166 3234 1519 3318 apostolice
1577 3236 1852 3300 vicarios
1900 3236 2062 3321 alios
2108 3238 2174 3301 in
2223 3237 2466 3301 eisdem
2513 3238 2806 3322 ecclesijs
2851 3241 3037 3305 insti-

473 3350 655 3419 tuere
702 3364 830 3406 non
877 3340 1260 3423 formidant,
1308 3342 1483 3407 bona
1526 3342 1642 3408 illa
1663 3393 1679 3425 ,
1728 3363 1855 3425 que
1901 3342 1982 3408 de
2029 3345 2162 3408 suis
2209 3345 2578 3428 percipiunt
2620 3346 2881 3429 vicarijs
2903 3395 2919 3428 ,
2970 3348 3039 3411 in

475 3471 631 3514 usus
678 3448 1229 3514 extraordinarios
1278 3449 1735 3532 expendentes,
1831 3439 2002 3532 Quia
2056 3471 2209 3515 vero
2258 3452 2426 3516 sicut
2468 3453 2858 3536 temporalia
2902 3474 3035 3519 me-

473 3559 693 3637 timus,
725 3557 821 3622 ita
852 3555 1218 3638 spiritualia
1250 3577 1464 3621 serere
1495 3579 1613 3621 nos
1647 3563 1922 3640 oportet,
1972 3556 2345 3625 discretioni
2377 3565 2589 3624 vestre
2619 3581 2737 3642 per
2774 3568 3035 3644 aposto-

473 3665 601 3737 lica
630 3664 877 3746 scripta
906 3662 1312 3744 mandamuS,
1347 3665 1654 3745 quatinus
1685 3665 1807 3752 [in]
1842 3665 2112 3748 singulis
2145 3666 2377 3730 vestris
2409 3665 2793 3749 dyocesibus
2826 3667 3036 3735 dictos

475 3772 772 3852 vicariOS,
794 3771 952 3836 utin
974 3769 1262 3853 ecclesijs
1295 3770 1648 3836 eorundem
1678 3771 1953 3836 fratrum
1984 3774 2259 3837 vicarios
2291 3772 2454 3838 alios
2475 3779 2740 3839 contra3
2759 3774 3036 3841 formam

475 3878 880 3943 inhibitionis
946 3876 1190 3951 dudum
1261 3900 1302 3943 a
1367 3877 1935 3962 predecessoribus
1999 3881 2237 3945 nostris
2283 3880 2456 3947 facte
2510 3883 2850 3948 instituere
2905 3904 3034 3948 non

475 3990 855 4068 presumant
874 4033 890 4065 ,
933 4055 938 4059 ,
955 4006 1104 4067 ymo
1159 3984 1590 4068 personaliter
1610 4034 1626 4067 ,
1693 3992 1768 4051 ut
1819 3993 2157 4069 tenentur,
2208 3988 2578 4054 deserviant
2640 3990 2708 4069 in
2765 3989 3030 4070 eisdem,

476 4091 829 4157 monitione
876 4093 1226 4174 premissa,
1274 4113 1393 4176 per
1436 4093 1640 4175 ipsius
1691 4092 1984 4178 beneficij
2040 4094 2550 4161 subtractionem
2598 4098 3033 4180 appellatione

473 4205 746 4266 remota·
772 4200 1040 4283 cogatiS,
1088 4198 1284 4265 nullis
1329 4199 1565 4266 litteris
1605 4207 1726 4266 etc.

656 4395 675 4428 ¹
712 4397 934 4466 pro-qui
970 4395 1074 4450 auf
1103 4396 1285 4452 Rasur
1320 4415 1458 4453 von·
1477 4397 1767 4453 derselben
1803 4398 1988 4452 Hand.
2061 4400 2120 4453 in
2165 4417 2356 4454 eorum
2401 4399 2549 4456 wohl
2597 4418 2709 4457 von
2745 4362 3031 4457 derselben

476 4486 646 4543 Hand
683 4503 774 4541 am
811 4485 1007 4541 Raude
1044 4485 1224 4542 rechts
1260 4486 1671 4558 nachgetragen
1708 4489 1810 4541 mit
1844 4487 2102 4557 Zeichen‚
2152 4487 2390 4544 welches
2425 4489 2529 4544 auf
2558 4490 2649 4544 die
2685 4489 2857 4546 Stelle
2892 4490 3032 4545 nach

478 4577 574 4645 qui
612 4576 883 4631 verweist.
1089 4575 1111 4609 ²
1146 4569 1367 4633 Venera
1401 4594 1494 4632 am
1529 4576 1690 4632 Ende
1727 4577 1824 4631 der
1859 4577 2350 4649 vorhergehenden
2388 4579 2538 4634 Zeile
2574 4578 2719 4635 nach
2754 4582 3030 4637 amittant.

478 4663 501 4695 ⁸
535 4664 768 4719 Hdschr.
806 4666 966 4719 circa„
