3242 5184
181 2572 300 2626 Fol.
342 2577 422 2625 5⁸.

1544 274 1926 335 --8.-

449 475 620 535 ver0,
669 458 914 518 secrete
961 452 1195 517 tenebo
1243 472 1447 534 eaque
1463 450 1484 489 ¹
1532 450 1813 515 scienter
1857 448 2098 514 nemini
2143 448 2444 531 pandam.
2527 447 2672 515 Sic2
2707 467 2810 514 me
2842 447 3015 514 deus

451 560 713 627 adiuvet
758 565 825 625 et
867 560 988 624 hec
1034 563 1263 624 sancta
1309 556 1414 622 dei
1460 557 1817 640 evangelia.

714 828 1241 893 Iuramentum
1272 829 1871 908 procuratorum
1902 823 2309 890 audiencie
2340 823 3013 889 contradictarum

806 938 881 999 et
925 930 1534 998 advocatorum.³

627 1078 769 1161 Ego
818 1125 832 1140 .
869 1125 883 1140 .
932 1075 1096 1156 iuro,
1136 1074 1310 1157 quod
1339 1078 1582 1159 parteS,
1632 1095 1910 1157 quarum
1953 1074 2386 1159 patrocinium
2435 1094 2797 1157 suscepero,
2844 1072 3013 1138 fide—

448 1186 601 1250 liter
664 1190 730 1249 et
794 1183 931 1249 sine
994 1180 1534 1264 tergiversacione
1599 1181 1823 1265 aliqua
1878 1180 2185 1246 adiuvare
2240 1180 2482 1246 curabo
2539 1185 2607 1246 et
2668 1180 2763 1261 id,
2830 1180 3014 1263 quod

450 1313 675 1358 verum
716 1296 783 1356 et
811 1292 1056 1354 iustum
1088 1288 1500 1369 extimavero,
1537 1286 1781 1352 eisdem
1812 1287 2109 1373 partibus
2141 1285 2379 1352 inferre
2412 1285 2706 1353 studebo.
2757 1286 3012 1353 Causas

453 1419 711 1482 quoque
757 1396 1088 1481 improbas
1137 1395 1415 1460 scienter
1460 1416 1589 1459 non
1634 1395 1946 1479 recipiam
1961 1444 1977 1476 ,
2041 1399 2108 1462 et
2153 1396 2208 1458 si
2256 1415 2420 1477 quas
2466 1414 2770 1478 recepero
2783 1394 2829 1476 ⁴,
2878 1416 3012 1477 que

452 1505 647 1570 michi
691 1505 862 1569 iuste
907 1505 975 1567 in
1034 1502 1351 1586 principio
1410 1500 1801 1566 videbuntur
1860 1507 1926 1565 et
1985 1501 2051 1565 in
2110 1522 2416 1584 processu
2461 1500 2681 1585 iudicij
2733 1523 3010 1585 appare-

453 1612 617 1676 bunt
659 1612 918 1692 iniuste,
966 1610 1257 1693 ipsarum
1303 1608 1737 1692 patrocinium
1783 1608 1851 1671 in
1897 1608 2252 1673 continenti
2300 1607 2642 1672 dimittam.
2662 1608 2687 1646 ⁶
2762 1605 2869 1672 Sic
2900 1629 3009 1672 me

455 1719 612 1784 deus
660 1717 922 1783 adiuvet
969 1721 1035 1781 et
1078 1716 1199 1780 hec
1247 1719 1477 1780 sancta
1524 1713 1627 1779 dei
1675 1713 2026 1798 evangelia.

719 1982 1049 2048 Addicio
1108 1986 1420 2064 reperta
1480 2002 1570 2046 ex
1627 1982 1975 2066 antiquis
2031 1983 2488 2048 iuramentis
2536 1982 3011 2048 cancellarie

808 2090 901 2156 ad
947 2090 1455 2154 iuramentum
1500 2094 2102 2172 procuratorum.

630 2234 859 2298 Iurent
904 2229 1111 2296 eciam
1156 2237 1631 2315 procuratores,
1681 2230 1854 2314 quod
1899 2231 2026 2315 ipsi
2072 2233 2332 2298 omnino
2379 2231 2579 2297 nichil
2616 2255 2657 2297 a
2687 2232 3008 2316 partibuS,

454 2363 572 2424 pro
630 2339 866 2422 quibus
924 2338 1179 2403 litteras
1239 2339 1526 2421 graciam
1590 2359 1706 2402 seu
1763 2338 2089 2403 iusticiam
2150 2340 2552 2404 continentes
2598 2340 2666 2403 in
2711 2338 3012 2407 Romana

456 2447 638 2511 curia
697 2446 1213 2530 procuraverint,
1268 2444 1443 2509 ultra
1498 2444 1791 2509 debitum
1839 2451 1904 2509 et
1947 2452 2242 2510 taxatum
2289 2468 2366 2510 ac
2413 2452 2790 2512 consuetum
2839 2446 3009 2511 sala-

460 2554 629 2619 rium
678 2574 900 2618 eorum
948 2552 1296 2635 quicquam
1343 2573 1469 2616 non
1526 2556 1956 2638 extorqueant
2010 2573 2124 2616 seu
2178 2553 2498 2636 recipiant
2538 2554 2560 2640 ΙΙ
2604 2574 2719 2637 per
2777 2575 2845 2617 se
2905 2553 3011 2617 vel

458 2660 620 2725 alios
668 2681 890 2724 eorum
936 2659 1196 2723 nomine
1246 2658 1470 2741 quovis
1516 2659 1771 2740 quesito
1819 2658 2034 2724 colore
2079 2681 2197 2723 nec
2242 2660 2455 2743 ipsum
2503 2659 2813 2724 salarium
2844 2660 3009 2724 reci-

456 2768 643 2850 piant
700 2787 815 2831 seu
860 2766 1148 2849 recipere
1205 2764 1568 2846 intendant,
1630 2776 1967 2847 quousque
2026 2765 2242 2831 littere
2299 2766 2666 2832 huiusmodi
2711 2766 2779 2830 in
2825 2765 3012 2832 bulla

453 2874 713 2957 penitus
759 2872 1000 2937 fuerint
1045 2871 1342 2956 expedite
1390 2877 1456 2936 et
1497 2871 1664 2936 lecte
1710 2871 1952 2936 ibidem
2009 2873 2284 2957 publice.
2378 2872 2468 2937 Et
2527 2873 2699 2956 quod
2756 2873 2880 2958 ipsi
2938 2874 3012 2936 in

457 2979 797 3044 audiencia
853 2977 1402 3045 contradictarum
1457 2978 1788 3044 maliciose
1843 3001 1971 3044 non
2026 2979 2385 3064 impediant
2430 2980 2683 3063 aliquas
2728 2980 3006 3062 litterae,

457 3087 721 3152 eciamsi
777 3085 862 3150 ad
911 3085 1389 3168 impediendum
1440 3084 1811 3152 huiusmodi
1857 3085 2110 3150 litteras
2158 3086 2398 3150 fuerint
2442 3086 2812 3170 specialiter
2856 3108 3007 3152 con-

636 3283 654 3314 ¹
692 3283 851 3338 Nach
887 3301 922 3337 a
957 3284 1030 3337 ist
1064 3285 1157 3337 ein
1182 3282 1513 3351 Buchstabe‚
1551 3282 1881 3337 vermutlich
1917 3284 2007 3336 ein
2043 3283 2234 3354 langes
2271 3302 2299 3338 s
2334 3284 2507 3338 durch
2529 3283 2713 3338 Rasur
2748 3282 3006 3337 entfernt.

456 3374 477 3404 ²
513 3391 539 3427 s
577 3375 635 3426 in
671 3372 709 3426 S
745 3377 832 3427 rot
868 3373 1174 3443 korrigiert.
1309 3371 1331 3401 ³
1365 3372 1574 3426 Hierzu
1598 3389 1689 3425 am
1714 3371 1932 3426 Rande:
1971 3372 2350 3428 Iuramentum
2374 3374 2766 3429 advocatorum
2790 3376 2847 3425 et
2880 3388 3004 3443 pro-

455 3466 770 3516 curatorum
806 3462 1106 3517 audiencie.
1251 3459 1274 3491 ⁴
1311 3460 1412 3515 Bei
1449 3477 1707 3531 recepero
1744 3462 1832 3515 ein
1869 3461 2126 3529 Zeichen‚
2167 3462 2400 3518 welches
2435 3462 2538 3517 auf
2569 3461 2866 3533 folgenden
2902 3460 3003 3513 Zu-

453 3555 570 3605 satz
607 3568 696 3605 am
721 3551 914 3606 Raude
950 3551 1231 3606 verweist:
1269 3552 1443 3619 partis
1468 3549 1610 3605 forte
1636 3551 1933 3621 mendacijs
1956 3551 2239 3605 coloratas.
2323 3580 2324 3583 ¹
2350 3551 2371 3582 ⁵
2407 3551 2614 3606 Hierzu
2639 3552 2731 3605 ein
2754 3549 3001 3617 Zeichen‚

454 3639 688 3695 welches
737 3639 842 3694 auf
880 3639 1179 3710 folgenden
1222 3657 1333 3694 von
1379 3639 1612 3693 anderer
1657 3639 1826 3693 Hand
1879 3640 1994 3693 und
2038 3641 2141 3693 mit
2183 3641 2416 3695 auderet
2459 3640 2626 3694 Tinte
2670 3656 2762 3693 am
2806 3643 3002 3692 untern

455 3728 647 3783 Raude
684 3727 1010 3798 gemachten
1059 3726 1359 3797 folgenden
1395 3728 1591 3783 Zusatz
1636 3729 1913 3783 verweist:
1971 3727 2202 3783 Nichil
2256 3731 2524 3784 omnino
2577 3747 2614 3782 a
2665 3727 3000 3798 partibus,

453 3835 571 3887 pro
623 3817 867 3887 quibus
913 3817 1183 3871 litteras
1229 3819 1526 3887 graciam
1571 3835 1689 3872 seu
1734 3819 2082 3871 iusticiam
2128 3819 2549 3872 continentes
2594 3820 2660 3870 in
2708 3817 3004 3872 Romana

453 3908 639 3961 curia
674 3923 1151 3975 procuravero‚
1179 3906 1361 3960 ultra
1386 3907 1694 3960 debitum
1732 3924 1805 3960 ac
1843 3910 2145 3960 taxatum
2172 3910 2238 3959 et
2261 3912 2653 3963 consuetum
2679 3906 3002 3961 salarium

454 4013 662 4050 meum
700 3997 1059 4065 quicquam
1096 4013 1225 4049 non
1261 3998 1693 4063 extorqueam
1730 4012 1849 4049 seu
1886 3997 2211 4065 recipiam
2235 4013 2352 4066 per
2377 4014 2472 4051 me
2497 3997 2606 4052 vel
2632 3997 2839 4052 alium
2865 4013 3002 4051 meo

452 4086 721 4140 nomine
769 4086 1009 4153 quovis
1046 4078 1314 4154 quesito
1351 4082 1574 4137 colore
1610 4101 1730 4137 nec
1766 4085 1981 4152 ipsum
2018 4084 2342 4138 salarium
2388 4087 2713 4156 recipiam
2750 4103 2865 4140 seu
2899 4102 3002 4140 re·

453 4177 676 4245 cipere
713 4173 1087 4241 intendam,
1126 4188 1474 4242 quousque
1510 4172 1746 4227 littere
1781 4172 2168 4228 huiusmodi
2203 4175 2277 4227 in
2312 4174 2508 4230 bulla
2542 4176 2819 4245 penitus
2862 4175 3002 4229 fue-

454 4265 590 4316 rint
626 4262 939 4331 expedite
976 4267 1041 4315 et
1065 4261 1239 4315 lecte
1264 4259 1513 4315 ibidem
1536 4261 1837 4332 publice,
1865 4264 2020 4317 etin
2045 4264 2405 4318 audiencia
2428 4266 3002 4321 contradictarum

454 4351 797 4406 maliciose
835 4367 962 4404 non
1000 4350 1358 4419 impediam
1404 4350 1672 4420 aliquas
1718 4351 2014 4420 litteras,
2063 4353 2328 4409 etiamsi
2372 4354 2453 4407 ad
2499 4355 3002 4424 impediendum

452 4439 834 4493 huiusmodi
871 4438 1143 4492 litteras
1170 4437 1413 4493 fuerim
1441 4441 1835 4510 specialiter
1862 4443 2303 4509 constitutus,
2343 4447 2407 4497 et
2442 4445 2700 4512 pariter
2733 4460 2862 4497 non
2888 4444 3001 4495 im-

451 4527 716 4596 pediam
753 4526 1025 4581 litteras
1060 4527 1312 4583 ibidem
1349 4528 1701 4600 legendas‚
1736 4530 1870 4583 nisi
1906 4531 2306 4600 specialiter
2340 4548 2416 4586 ac
2450 4531 2889 4588 sufficienter
2922 4533 3001 4586 ad

452 4616 517 4672 id
551 4614 831 4672 habeam
866 4620 1291 4690 potestatem.
