3242 5184
1211 272 1700 337 --175ἱ-ἡ

182 447 266 510 de
318 446 711 511 conscientia
756 448 979 530 ipsius.
1062 446 1371 529 LitteraS,
1421 469 1547 531 que
1594 449 1884 533 expediri
1931 447 2168 513 debent
2211 449 2279 511 in
2324 448 2732 530 cancellaria,

177 552 511 618 maliciose
558 575 687 617 non
733 552 1082 636 impediam
1113 575 1250 635 nec,
1299 560 1617 637 quantum
1649 557 1716 620 in
1748 577 1850 620 me
1883 555 2096 635 fuerit,
2145 554 2443 639 impediri
2474 555 2731 620 faciam.

177 659 636 744 Impediendas
694 661 892 724 etiam
946 661 1271 726 malitiose
1330 661 1619 746 expediri
1678 662 1941 726 minime
1995 661 2376 745 procurabo.
2470 662 2732 747 Impun-

174 775 454 850 gnantes
506 788 660 833 ver-o
714 767 970 832 litteras
1022 769 1089 831 in
1146 768 1537 833 cancellaria
1582 769 1878 852 predicta
1913 768 2221 852 partibus
2268 790 2384 834 seu
2428 790 2540 834 eas
2586 792 2731 853 pro-

175 874 559 939 curantibus
621 874 723 939 vel
781 876 1074 958 personis
1135 875 1312 958 alijs,
1374 895 1492 958 per
1537 896 1700 957 quas
1748 877 2083 959 pervenire
2127 875 2337 959 possit
2380 875 2464 940 ad
2509 897 2733 942 eorum

172 982 501 1063 notitiam,
549 981 812 1045 minime
871 980 1191 1047 revelabo.
1294 981 1561 1046 Secreta
1619 983 1817 1047 etiam
1877 982 2007 1047 alia
2060 983 2264 1065 ipsius
2325 983 2731 1064 cancellarie,

174 1108 304 1170 que
362 1094 616 1153 secreta
670 1109 811 1152 esse
865 1109 1251 1170 cognovero,
1318 1093 1564 1153 secrete
1618 1089 1853 1154 tenebo
1908 1111 2115 1172 eaque
2171 1090 2450 1154 scienter
2493 1090 2734 1154 nemini

172 1195 483 1277 pandam.
576 1194 666 1260 Et
712 1196 767 1259 si
814 1194 897 1259 ad
943 1195 1243 1261 notitiam
1290 1216 1502 1260 meam
1549 1194 1796 1278 aliquid
1829 1195 2126 1261 devenire
2159 1196 2510 1278 contingat,
2559 1196 2732 1279 quod

170 1303 240 1365 in
288 1302 655 1385 periculum
713 1324 827 1366 seu
873 1323 1067 1385 grave
1116 1301 1423 1366 damnum
1469 1301 1748 1368 Romani
1795 1301 2119 1386 pontificis
2174 1309 2289 1367 aut
2342 1303 2731 1368 vicecancel-

170 1409 320 1491 larij
376 1429 491 1473 seu
540 1408 1023 1491 derogationem
1068 1409 1330 1474 honoris
1377 1409 1477 1472 vel
1525 1415 1739 1474 status
1787 1409 2174 1473 cancellarie
2221 1408 2506 1493 cederet,
2571 1411 2731 1475 illud

167 1538 292 1599 pro
342 1537 532 1599 posse
579 1516 947 1600 impediam.
1064 1514 1311 1598 Quodsi
1356 1516 1479 1580 hoc
1525 1516 1840 1599 impedire
1883 1537 2014 1580 non
2059 1537 2339 1599 possem,
2388 1516 2559 1581 bona
2603 1516 2731 1582 fide

166 1622 543 1706 procurabo
591 1622 674 1687 ad
723 1623 961 1688 domini
1009 1644 1175 1706 pape
1221 1623 1321 1687 vel
1367 1623 1571 1706 ipsius
1602 1621 2113 1706 vicecancellarij
2149 1623 2457 1688 noticiam
2488 1624 2555 1688 id
2587 1644 2730 1707 per-

166 1730 350 1794 ferri.
443 1729 552 1794 Sic
598 1750 701 1794 me
749 1728 907 1795 deus
954 1730 1217 1794 adiuvet
1262 1736 1329 1793 et
1372 1729 1492 1794 hec
1539 1735 1768 1794 sancta
1813 1728 1917 1793 dei
1965 1728 2319 1812 evangelia.

355 1836 485 1919 Alij
534 1857 687 1901 vero
734 1835 1241 1918 abbreviatores,
1291 1837 1402 1919 qui
1446 1837 1575 1901 non
1623 1836 1940 1901 tenebunt
1986 1856 2275 1900 cameras
2307 1839 2729 1922 notariorum,

166 1945 225 2008 si
295 1963 409 2008 eos
475 1944 809 2026 contingat
872 1943 955 2008 ad
1021 1943 1475 2008 cancellariam
1541 1943 1757 2008 vocari
1839 1965 1955 2026 pro
2019 1943 2254 2007 litteris
2318 1944 2567 2008 iustitie
2629 1945 2730 2010 vel

162 2050 482 2131 gratiosis
514 2049 981 2131 examinandiS,
1013 2051 1231 2115 iurare
1262 2051 1461 2115 etiam
1493 2049 1781 2114 habeant
1810 2050 1877 2113 in
1908 2070 2104 2113 manu
2138 2048 2295 2113 dicti
2338 2051 2729 2115 vicecancel-

160 2157 322 2239 larij
374 2156 493 2220 sub
539 2156 663 2221 hac
709 2157 947 2223 forma:

449 2352 775 2437 ”Forma
820 2354 1237 2418 iuramenti
1285 2353 1975 2418 abbreviatorum.1
2016 2366 2020 2371 ·

354 2496 495 2578 Ego
546 2546 559 2560 .
603 2545 617 2560 .
667 2496 1084 2561 abbreviator
1112 2497 1276 2579 iuro,
1317 2496 1487 2580 quod
1521 2495 1798 2561 offitium
1836 2515 2050 2559 meum
2082 2492 2364 2560 fideliter
2394 2498 2725 2581 exercebo,

162 2604 396 2668 dolum
460 2624 573 2668 seu
638 2603 932 2667 fraudem
989 2603 1275 2685 aliquam
1333 2606 1504 2668 circa
1559 2605 1772 2688 ipsum
1829 2601 2105 2668 offitium
2152 2625 2281 2667 non
2327 2606 2727 2670 committam

160 2732 292 2775 nec
342 2711 749 2775 consenciam
781 2711 1231 2793 committenti,
1281 2717 1349 2776 et
1379 2714 1433 2776 si
1481 2712 1683 2776 sciam
1716 2710 1997 2793 aliquem
2031 2708 2251 2774 dolum
2284 2731 2397 2774 seu
2432 2711 2726 2776 fraudem

161 2820 351 2882 circa
380 2816 500 2882 hec
532 2818 1060 2900 committentem,
1097 2817 1355 2884 domino
1386 2816 1935 2899 vicecancellariO,
1969 2817 2353 2899 quamtitius
2395 2820 2728 2884 commode

160 2930 423 3009 potero,
469 2924 790 2990 revelabo.
868 2923 1179 3006 LitteraS,
1228 2945 1354 3008 que
1386 2924 1675 3009 expediri
1711 2924 1950 2989 debent
1980 2924 2047 2987 in
2086 2924 2494 3007 cancellaria,
2543 2926 2725 2990 mali-

161 3034 348 3098 ciose
394 3054 521 3096 non
568 3031 916 3115 impediam
965 3053 1082 3096 nec
1128 3031 1427 3116 impediri
1474 3032 1876 3098 consentiam
1923 3052 2070 3113 nec,
2138 3038 2455 3113 quantum
2510 3033 2577 3096 in
2624 3055 2726 3096 me

160 3139 391 3221 fuerit,
439 3138 736 3222 impediri
783 3139 1017 3203 faciam
1063 3140 1163 3203 vel
1209 3140 1600 3223 permittam.
1680 3138 2134 3221 Impediendas
2167 3139 2364 3203 etiam
2397 3139 2725 3205 maliciose

164 3245 479 3329 expedire
532 3246 795 3310 minime
859 3245 1241 3330 procurabo·
1343 3245 1852 3330 Impungnantes
1912 3265 2062 3310 vero
2118 3245 2371 3310 litteras
2427 3246 2602 3329 ipsas
2659 3247 2725 3309 in

168 3353 565 3418 cancellaria
595 3352 890 3435 predicta
918 3352 1215 3435 partibus
1249 3373 1362 3415 seu
1394 3372 1504 3416 eas
1535 3351 2035 3436 procurantibus
2066 3352 2167 3416 vel
2213 3353 2507 3435 personis
2556 3352 2724 3434 alijs‚

148 3474 290 3543 ‘per
354 3480 517 3542 quas
581 3460 914 3543 pervenire
977 3459 1185 3544 possit
1252 3459 1333 3523 ad
1402 3479 1623 3524 eorum
1688 3459 2018 3541 notitiam,
2084 3460 2347 3523 minime
2402 3459 2720 3524 revelabo,

166 3566 441 3632 Secreta
499 3568 695 3631 etiam
751 3567 880 3632 alia
934 3553 1136 3651 ipsius
1194 3566 1616 3647 cancellarie,
1686 3586 1810 3648 que
1858 3572 2110 3630 secreta
2155 3587 2298 3631 esse
2345 3586 2722 3649 cognovero,

169 3680 420 3739 secrete
468 3674 703 3739 tenebo
751 3695 956 3757 eaque
1004 3675 1281 3739 scienter
1326 3674 1566 3737 nemini
1613 3671 1916 3757 pandam.
1995 3672 2103 3738 Sic
2134 3694 2236 3737 me
2272 3672 2428 3736 deus
2462 3673 2724 3736 adiuvet

169 3789 235 3846 et
282 3782 403 3846 hec
451 3788 678 3846 sancta
723 3782 828 3847 dei
876 3781 1227 3864 evangelia.

446 3993 789 4061 Rubrica
853 3996 942 4062 de
1020 3995 1394 4080 san²lario
1442 3995 2107 4077 abbreviatorum,
2185 3994 2315 4076 qui
2391 3993 2724 4058 formant

525 4104 950 4186 petitiones
999 4124 1129 4168 seu
1177 4107 1400 4167 notas
1448 4103 1899 4167 litterarum
1947 4101 2322 4166 iusticie.2

345 4246 791 4313 Subsecuntur
844 4252 1143 4329 preterea
1196 4244 1640 4310 moderamina
1685 4266 1802 4328 per
1845 4267 1964 4310 nos
2011 4245 2313 4328 apposita
2358 4245 2530 4308 circa
2575 4242 2720 4308 illos

166 4354 683 4435 abbreviatoreS,
751 4354 863 4437 qui
909 4353 1193 4418 formant
1236 4352 1583 4437 petitiones
1633 4372 1749 4415 seu
1795 4358 1984 4416 notas
2029 4351 2395 4415 litterarum
2442 4351 2716 4415 iusticie.

347 4552 363 4583 ¹
401 4550 513 4604 Am
551 4548 707 4606 Ende
744 4551 842 4605 der
876 4551 1106 4606 zweiten
1144 4549 1292 4605 Zeile
1329 4550 1426 4604 des
1461 4564 1644 4604 neuen
1679 4547 2054 4603 Abschnittcs.
2202 4548 2224 4579 ²
2259 4547 2367 4602 Die
2404 4554 2547 4602 erste
2572 4547 2719 4602 Zeile

163 4642 260 4696 der
297 4628 647 4695 Uberschrift
683 4657 773 4694 am
811 4639 969 4694 Ende
1006 4640 1104 4694 der
1140 4638 1629 4710 vorhergehenden
1666 4637 1831 4692 Zeile.

2767 2355 2888 2411 Fol.
2928 2362 2990 2410 91
3006 2364 3046 2412 ⁸.
