3242 5184
313 1319 434 1373 Fol.

211 1407 479 1463 CCXXX
487 1414 527 1463 ⁸.

279 1499 473 1566 (256⁸.)

1598 259 2088 322 -224—

562 435 642 500 In
689 436 1097 501 conclusione
1144 436 1321 501 etin
1369 434 1515 519 alijs
1562 435 2068 521 interlocutorijs
2115 435 2314 518 ijdem
2361 434 2601 502 domini
2659 434 2983 501 auditores
3027 437 3105 501 ad

562 549 790 609 nutum
837 564 1057 610 eorum
1105 547 1381 608 servant.
1400 545 1422 585 1
1959 564 1962 569 ⁴

828 758 938 824 De
983 756 1283 821 iuribus
1332 762 1462 821 aut
1504 756 1842 822 testibus
1885 756 2283 840 productis
2316 763 2489 841 post
2534 757 3105 825 conclusionem.

738 900 907 967 Item
954 901 1010 965 si
1054 922 1207 984 pars
1252 905 1403 983 post
1446 899 1923 964 conclusionem
1952 900 2135 964 iura²
2164 899 2521 983 producere
2557 900 2714 965 velit
2742 906 2855 965 aut
2898 906 3104 980 testes,

562 1031 679 1093 per
737 1008 862 1074 hoc
917 1007 1316 1073 conclusioni
1371 1012 1561 1090 pacte
1619 1006 1957 1071 renunciat
2019 1012 2086 1071 et
2138 1006 2508 1072 huiusmodi
2571 1009 2717 1072 iura
2763 1013 2875 1071 aut
2920 1014 3104 1071 testes

563 1118 703 1200 per'
743 1115 1072 1181 dominum
1136 1112 1497 1179 auditorem
1563 1134 1756 1178 cause
1826 1135 1956 1179 non
2020 1113 2478 1195 admittuntur,
2545 1120 2701 1178 tunc
2763 1114 3104 1197 producens

563 1224 738 1288 licite
786 1221 1087 1306 appellet,
1137 1228 1204 1286 et
1248 1221 1559 1286 statuitur
1603 1220 1919 1285 terminus
1966 1226 2080 1284 aut
2125 1222 2363 1284 citatur
2406 1241 2560 1304 pars
2610 1220 2742 1285 alia
2788 1221 2872 1285 ad
2908 1221 3103 1285 dicen-

568 1330 720 1395 dum
776 1337 1003 1395 contra
1054 1326 1423 1393 huiusmodi
1446 1332 1470 1412 ΙΙ
1494 1327 1659 1409 iura,
1716 1332 1782 1392 et
1834 1333 1989 1391 tunc
2044 1326 2127 1391 ad
2183 1328 2460 1409 primam
2525 1327 2699 1392 diem
2765 1327 3102 1407 dumtaxat,

564 1437 690 1501 nisi
736 1436 816 1501 de
848 1456 1167 1502 consensu
1212 1435 1419 1518 partis
1466 1439 1582 1499 aut
1623 1434 1917 1517 parcium
1961 1433 2328 1499 huiusmodi
2381 1435 2732 1499 terminum
2777 1454 3101 1517 prorogare

567 1550 683 1609 aut
745 1542 1127 1609 abbreviare
1190 1541 1512 1609 voluerint
1575 1547 1693 1605 aut
1746 1541 2044 1606 similiter
2097 1547 2298 1606 testes
2352 1541 2726 1607 huiusmodi
2773 1542 2983 1606 iurare
3025 1541 3100 1604 vi-

563 1649 868 1731 dendum,
935 1650 991 1713 si
1055 1648 1320 1714 affuturi
1386 1654 1538 1713 sunt
1599 1648 1696 1712 vel
1765 1647 2025 1713 articuli
2086 1649 2219 1712 sint
2272 1648 2560 1730 admissi,
2630 1670 2827 1733 super
2889 1647 3100 1731 quibus

563 1758 689 1840 ipsi
752 1762 956 1821 testes
1002 1755 1325 1840 deponere
1388 1754 1649 1836 debent,
1716 1755 1799 1819 ad
1862 1756 2141 1838 primam
2205 1755 2377 1819 diem
2440 1755 2542 1819 vel
2598 1757 2825 1821 statim
2880 1776 2990 1820 seu
3031 1753 3100 1817 ad

563 1848 791 1929 horam
839 1884 1184 1928 causarum
1229 1863 1403 1928 illius
1450 1862 1580 1928 diei
1624 1863 1845 1926 littere
1892 1883 2007 1927 seu
2054 1862 2410 1928 citacioniS.

828 2077 938 2143 De
983 2076 1320 2143 testibus
1367 2075 1760 2141 affuturis.

740 2220 910 2286 Item
955 2226 1131 2301 nota,
1180 2218 1353 2302 quod
1401 2240 1659 2302 semper
1703 2224 1904 2283 testes
1952 2216 2216 2283 affuturi
2262 2219 2328 2283 in
2376 2219 2676 2301 qualibet
2722 2225 2905 2305 parte
2963 2219 3099 2297 litis,

561 2332 907 2410 postquam
923 2331 948 2368 3
985 2347 1185 2391 causa
1222 2326 1527 2392 devoluta
1562 2347 1681 2410 per
1718 2326 2101 2390 citacionem
2147 2325 2248 2390 vel
2286 2327 2799 2410 appellacionem
2839 2327 3101 2409 legitime

564 2434 759 2499 fuerit
807 2433 889 2498 ad
938 2435 1182 2498 curiam
1230 2433 1619 2517 predictam,
1680 2432 2108 2497 admittantur
2163 2438 2314 2498 ante
2368 2433 2743 2499 huiusmodi
2789 2433 3102 2500 admissio-

562 2562 710 2606 nem
767 2540 1187 2606 articulorum
1241 2547 1309 2606 et
1361 2540 1678 2622 similiter,
1736 2539 1791 2604 si
1838 2539 2097 2604 articuli
2143 2540 2275 2604 sint
2319 2540 2618 2624 admissi,
2670 2549 2738 2607 et
2781 2548 2933 2607 tunc
2974 2543 3105 2622 post

563 2648 1088 2713 observacionem
1162 2648 1584 2713 terminorum
1657 2645 2095 2731 predictorum
2170 2647 2752 2732 substancialium,
2824 2646 3105 2712 videlicet

564 2752 949 2819 dilacionem
978 2754 1204 2837 libelli,
1258 2755 1606 2819 iuramenti
1653 2753 1733 2818 de
1780 2753 2150 2837 calumpnia
2180 2755 2457 2837 prestiti,
2504 2756 2745 2820 iurium
2782 2754 3103 2839 producto-

563 2865 771 2942 rum,4
828 2867 895 2926 et
949 2882 1095 2925 cum
1163 2861 1534 2926 huiusmodi
1589 2859 1898 2925 admissio
1954 2860 2374 2926 articulorum
2428 2861 2544 2927 fiet
2597 2868 2666 2928 et
2721 2863 2809 2927 sit
2832 2945 2837 2951 .
2861 2849 3104 2926 necesse

565 2988 760 3051 super
813 2968 1056 3034 talibus
1103 2967 1397 3033 articulis
1443 2966 1793 3033 admissio⁵
1854 2969 2149 3051 testium,
2215 2989 2415 3053 prope
2480 2969 2957 3034 conclusionem
3018 2963 3104 3029 vel

561 3081 713 3157 post
757 3096 901 3140 eam
948 3075 1377 3156 dimittentur,
1426 3081 1492 3140 et
1535 3079 1692 3139 tunc
1737 3097 1866 3141 non
1914 3075 2191 3159 expedit,
2251 3076 2422 3159 quod
2479 3077 2611 3141 sint
2667 3075 2952 3155 affuturi,
3006 3070 3103 3136 sed

562 3178 873 3244 iurabunt
917 3181 985 3244 in
1032 3202 1232 3247 causa
1264 3181 1498 3263 dicere,
1534 3181 1708 3264 quod
1741 3182 2067 3265 sciverint,
2115 3203 2346 3266 puram
2385 3189 2452 3247 et
2482 3204 2730 3249 meram
2762 3185 3102 3254 veritatem,

564 3308 757 3370 super
806 3287 1042 3370 quibus
1090 3286 1332 3353 fuerint
1375 3289 1781 3371 interrogati.

830 3517 939 3583 De
983 3519 1440 3602 recepcione
1486 3521 1808 3585 testium
1855 3519 2392 3587 affuturorum.

740 3659 970 3726 Testes
1016 3660 1280 3727 affuturi
1325 3668 1657 3744 vocantur,
1707 3663 1838 3746 qui,
1888 3668 2239 3748 antequam
2272 3664 2531 3729 articuli
2561 3664 2807 3730 fuerint
2837 3659 3105 3737 admissi,

561 3767 980 3850 recipiuntur.
1078 3767 1204 3851 Qui
1260 3771 1478 3834 iurant
1533 3770 1600 3833 in
1657 3770 1957 3836 manibus
2004 3772 2248 3836 domini
2294 3771 2611 3837 auditoris
2666 3773 2895 3857 primo,
2951 3763 3105 3852 quod

550 3868 731 3939 'infra
760 3873 970 3938 XIIII
1000 3874 1139 3940 dies
1176 3876 1548 3941 immediate
1577 3883 1728 3960 post
1772 3879 2216 3961 recepcionem
2263 3900 2484 3944 eorum
2531 3863 2631 3944 vel
2675 3879 2869 3945 hodie
2903 3876 3107 3940 huius-

563 3982 737 4047 modi
800 3988 1021 4066 partes
1084 3983 1343 4066 prestiti
1408 3984 1753 4049 iuramenti
1811 3984 1893 4050 ad
1950 3984 2251 4050 ultimum
2307 3987 2437 4051 sint
2491 3993 2608 4051 aut
2653 4008 2722 4052 se
2771 3984 3032 4051 credant
3072 3997 3107 4041 a

562 4089 738 4154 dicta
784 4090 965 4153 curia
1010 4089 1349 4155 recessuri.
1445 4088 1586 4172 Quo
1633 4093 1907 4175 prestito
1954 4093 2315 4158 iuramento
2361 4092 2660 4159 dominus
2706 4092 2961 4157 auditor
3004 4084 3106 4151 ad-

561 4197 767 4261 mittit
828 4218 938 4261 eos
1005 4197 1088 4261 ad
1146 4196 1510 4279 iurandum,
1577 4204 1645 4263 et
1707 4205 1863 4263 tunc
1926 4199 2236 4265 iurabunt
2298 4201 2534 4265 iterum
2604 4200 2817 4266 dicere
2868 4214 3103 4281 puram,

562 4324 807 4368 meram
872 4310 941 4368 et
1002 4302 1358 4388 simplicem
1423 4305 1784 4388 veritatem,
1851 4327 2048 4389 quam
2114 4307 2420 4373 sciverint
2482 4309 2548 4372 in
2604 4327 2818 4386 causa,
2874 4304 2938 4366 in
2985 4318 3105 4383 qua

742 4552 761 4584 ἲ
800 4551 1035 4607 Hdschr.
1074 4571 1175 4609 aus
1210 4560 1407 4610 nutum
1451 4560 1676 4612 servant
1721 4573 1927 4611 eorum.
2127 4558 2152 4591 ²
2184 4557 2416 4617 Hdschr,
2455 4559 2513 4612 in
2551 4576 2631 4613 ea.
2824 4553 2847 4585 ⁸
2880 4547 3097 4606 HdSsshr·

561 4659 662 4711 per
698 4659 881 4712 quam.
1027 4643 1049 4673 ⁴
1090 4643 1153 4696 In
1192 4645 1290 4698 der
1313 4644 1547 4699 Hdschr.
1586 4647 1659 4699 ist
1695 4664 1791 4715 pre
1827 4648 1884 4700 in
1909 4665 2011 4717 pro
2047 4647 2351 4719 korrigiert.
2501 4650 2522 4680 ⁶
2559 4645 2786 4702 Hdschr.
2812 4659 2981 4697 onem.
