3242 5184
266 3863 382 3917 Fol.
425 3870 455 3913 8
468 3871 507 3915 ⁸.

1606 309 1695 315 --„
1782 272 1862 333 14
1945 309 2030 317 ,ω

544 449 908 515 cessoribus
953 445 1265 514 Romanis
1323 445 1736 529 pontificibus
1794 446 2100 511 canonice
2156 444 2571 511 intrantibus.
2672 446 2816 513 Non
2872 467 2996 512 ero
3049 447 3121 511 in

544 556 736 638 facto,
785 554 1052 621 consilio
1098 554 1202 618 vel
1246 574 1591 634 consensu,
1642 552 1816 636 quod
1861 553 2063 618 vitam
2108 552 2386 636 perdant
2432 559 2548 618 aut
2591 553 2959 618 membrum
3012 552 3120 617 vel

544 664 886 746 capiantur
947 661 1123 726 mala
1187 662 1512 744 capcione.
1624 658 2007 741 Consilium,
2076 658 2251 742 quod
2313 680 2431 742 per
2494 680 2563 724 se
2627 660 2728 724 vel
2791 661 3117 725 nuncium

544 790 732 834 suum
787 789 902 832 seu
956 767 1210 831 litteras
1264 766 1460 830 michi
1513 764 1823 830 credituri
1878 771 2052 848 sunt,
2113 766 2324 849 signo,
2391 767 2588 833 verbo
2642 766 2744 831 vel
2787 773 2956 831 nutu
3010 787 3119 831 me

544 878 787 940 sciente
860 874 943 939 ad
987 885 1001 901 ⁸
1018 895 1239 940 eorum
1310 874 1662 956 dampnum
1724 893 1837 937 seu
1899 872 2328 957 preiudicium
2390 873 2552 938 nulli
2614 874 2917 958 pandam.
3047 872 3117 938 Si

545 983 895 1066 dampnum
942 1002 1164 1046 eorum
1212 981 1455 1046 scivero
1501 981 1793 1062 tractari,
1840 1002 1959 1063 pro
2005 1002 2195 1064 posse
2240 1002 2386 1046 meo
2432 981 2799 1066 impediam,
2846 1001 2930 1046 ne
2968 979 3115 1045 fiat.

545 1087 733 1170 Quod
766 1090 822 1154 si
849 1110 967 1171 per
998 1109 1100 1153 me
1146 1087 1459 1171 impedire
1506 1110 1634 1152 11011
1679 1108 1959 1169 possem,
2011 1109 2129 1171 per
2173 1088 2479 1154 nuncium
2527 1093 2642 1154 aut
2684 1110 2803 1172 per
2843 1089 3115 1153 litteras

545 1198 637 1261 eis
697 1194 1060 1278 significare
1118 1193 1386 1276 curabo,
1446 1194 1546 1258 vel
1591 1214 1709 1277 per
1754 1215 1946 1276 quem
1993 1195 2191 1259 cicius
2239 1194 2322 1260 ad
2370 1216 2592 1261 eorum
2638 1195 2952 1261 noticiam
3005 1194 3115 1258 de·

546 1303 838 1367 ducatur.
928 1300 1254 1384 Papatum
1300 1301 1668 1365 Romanum
1724 1306 1789 1364 et
1842 1301 2087 1384 regalia
2132 1301 2310 1366 beati
2354 1301 2539 1367 Petri
2586 1308 2652 1367 et
2696 1304 2914 1368 omnia
2965 1302 3115 1366 iura

470 1419 483 1429 ·
543 1410 835 1475 Romane
897 1409 1195 1490 ecclesie,
1263 1429 1387 1491 que
1445 1407 1672 1489 habet,
1739 1408 1980 1490 ubique
2037 1409 2472 1475 manutenebo
2526 1410 2681 1475 totis
2735 1408 2991 1473 viribus
3054 1414 3116 1472 et

546 1515 889 1581 defendam
935 1520 1002 1580 et
1064 1514 1322 1580 adiutor
1383 1534 1493 1580 ero
1555 1513 1640 1578 ad
1703 1512 2111 1579 retinendum
2173 1521 2238 1579 et
2298 1514 2810 1581 defendendum²
2875 1520 3114 1580 contra

545 1644 799 1689 omnem
844 1621 1188 1688 hominem.
1289 1621 1550 1704 Resque
1604 1621 1809 1703 ipsius
1858 1620 2100 1685 domini
2146 1643 2313 1706 pape
2360 1627 2427 1688 et
2473 1623 2740 1688 ecclesie
2783 1621 3111 1702 Romane,

547 1752 671 1813 que
733 1750 874 1794 mee
940 1728 1230 1793 custodie
1296 1728 1808 1810 committentur,
1878 1726 2219 1811 diligenter
2284 1729 2646 1796 custodiam
2701 1737 2768 1795 et
2822 1729 3112 1796 fideliter

545 1836 908 1919 resignabo.
1001 1834 1456 1899 Ambassiatas
1505 1834 1704 1898 etiam
1745 1839 1811 1898 et
1841 1856 2220 1918 quecunque
2253 1838 2382 1902 alia
2413 1838 2701 1921 negocia,
2750 1857 2875 1920 que
2908 1837 3111 1902 michi

546 1944 890 2009 commissa
933 1941 1202 2023 fuerint,
1260 1941 1535 2024 portabo
1590 1940 1871 2006 fideliter
1925 1947 1992 2007 et
2043 1943 2321 2009 referam
2384 1944 2521 2009 sine
2566 1943 2824 2025 fraude,
2873 1950 2944 2007 et
2993 1966 3110 2027 pro

546 2048 1056 2117 confessionibus
1103 2046 1442 2113 audiendis
1488 2048 1589 2112 vel
1637 2048 2163 2115 absolucionibus
2210 2050 2523 2116 faciendis
2572 2073 2687 2115 seu
2742 2051 2921 2134 alijs‚
2986 2071 3110 2134 que

547 2163 844 2241 spectant
874 2155 959 2221 ad
990 2176 1205 2220 meum
1253 2152 1556 2236 officium,
1605 2156 1806 2219 nichil
1840 2158 2097 2222 omnino
2144 2179 2261 2241 per
2303 2178 2407 2222 me
2453 2158 2556 2222 vel
2602 2158 2801 2223 alium
2848 2159 3110 2242 exigam

545 2264 647 2329 vel
703 2269 921 2347 petam
980 2268 1095 2326 aut
1147 2261 1459 2345 recipiam
1515 2264 1721 2326 eciam
1778 2262 1899 2327 sub
1954 2263 2144 2329 titulo
2203 2264 2305 2328 vel
2352 2265 2565 2346 specie
2613 2264 2963 2330 elemosine
3013 2263 3108 2329 vel

547 2372 752 2454 exenij
804 2392 917 2435 seu
964 2370 1174 2433 mutui
1220 2368 1321 2433 vel
1368 2369 1496 2433 alio
1544 2369 1771 2451 quovis
1822 2369 2032 2435 modo.
2138 2369 2227 2434 Et
2271 2393 2400 2436 non
2448 2371 2782 2436 absolvam
2827 2371 2932 2436 vel
2984 2372 3107 2436 dis-

545 2477 832 2561 pensabo
866 2476 1144 2541 scienter
1173 2476 1240 2540 in
1288 2474 1508 2557 aliquo
1555 2496 1713 2539 casu
1760 2477 1955 2540 michi
2000 2500 2128 2543 non
2176 2479 2520 2543 commisso
2567 2499 2687 2542 nec
2733 2499 3106 2562 quenquam

548 2584 880 2649 absolvam
928 2605 967 2647 a
1013 2588 1279 2667 peccato
1338 2581 1440 2646 vel
1498 2583 1783 2665 peccatis
1844 2582 2170 2666 aliquibus
2215 2585 2282 2647 111
2330 2584 2547 2667 aliquo
2596 2606 2754 2650 casu
2800 2586 3107 2668 ambiguo

546 2711 664 2754 nec
697 2691 901 2755 eciam
931 2691 999 2753 in
1030 2688 1398 2754 huiusmodi
1445 2709 1601 2752 casu
1635 2688 1938 2771 ambiguo
1973 2690 2250 2754 scienter
2282 2712 2426 2755 cum
2461 2691 2679 2774 aliquo
2714 2691 3105 2775 dispensabo

546 2798 672 2861 nisi
719 2797 799 2861 de
846 2796 1112 2879 speciali
1158 2795 1466 2887 mandato
1498 2795 1778 2859 Romani
1824 2795 2149 2878 pontificis
2193 2796 2297 2860 vel
2335 2798 2781 2882 penitenciarij
2818 2800 3105 2880 maioris»,

548 2905 651 2968 cui
706 2904 1065 2987 exprimam
1120 2902 1363 2966 dictum
1420 2922 1644 2966 casum
1701 2903 1840 2967 sine
1895 2901 2167 2967 alicuius
2214 2903 2655 2970 161161601011693
2699 2905 2801 2969 vel
2848 2926 3105 2989 expres·

548 3010 765 3077 sione2
810 3010 1125 3093 persone2
1172 3014 1238 3073 et
1284 3031 1411 3073 non
1457 3009 1792 3092 iniungam
1837 3009 2277 3092 116111161161662
2321 3011 2771 3093 pecuniarias2
2804 3031 3107 3096 expresse

547 3116 743 3181 michi
805 3116 907 3180 vel
972 3116 1165 3181 alicui
1235 3136 1509 3198 persone
1581 3115 1681 3179 vel
1747 3114 1955 3180 ordini
2019 3136 2162 3181 meo
2229 3137 2343 3180 seu
2408 3118 2598 3182 alteri
2662 3118 3102 3202 applicandas,

548 3224 757 3307 Super
800 3222 1320 3288 restitutionibus
1384 3243 1536 3287 vero
1600 3222 2011 3303 iniungendis
2079 3228 2146 3287 et
2198 3221 2511 3288 faciendis
2567 3224 2857 3306 servabo,
2914 3230 3105 3310 prout

549 3336 647 3394 est
692 3351 808 3414 per
862 3330 968 3413 pie
1023 3329 1330 3395 memorie
1378 3328 1707 3393 dominum
1753 3327 2178 3393 Benedictum
2224 3351 2464 3412 papam
2508 3330 2665 3395 XII.
2715 3331 3102 3410 ordinatum,

549 3443 615 3501 et
660 3436 915 3501 edicta²
963 3437 1179 3500 omnia
1226 3441 1293 3500 et
1340 3435 1594 3518 singula
1641 3436 1949 3518 promitto
1997 3441 2063 3499 et
2107 3435 2249 3502 iuro
2297 3438 2632 3503 attendere
2665 3444 2731 3505 et
2761 3438 3101 3504 observare

550 3544 686 3608 sine
743 3543 917 3608 omni
974 3541 1120 3608 dolo
1180 3548 1244 3606 et
1289 3541 1515 3606 fraude
1564 3564 1642 3606 ac
1688 3541 1967 3606 malicia.
2061 3541 2168 3607 Sic
2214 3563 2317 3607 me
2365 3544 2522 3608 deus
2571 3544 2833 3609 adiuvet
2877 3550 2946 3610 et
2989 3547 3101 3610 hec

550 3656 777 3714 sancta
823 3648 928 3714 dei
975 3647 1328 3731 evangelia.

811 3863 1143 3928 Inicium
1191 3861 1570 3944 evangelij
1634 3861 2055 3926 secundum
2104 3861 2492 3928 dominum
2538 3862 3020 3931 Iohannem.3

724 3986 803 4051 In
861 3987 1177 4071 principio
1234 3992 1378 4051 erat
1429 3986 1698 4051 verbum
1756 3992 1821 4050 et
1874 3986 2142 4051 verbum
2189 3994 2331 4052 erat
2375 3988 2548 4071 apud
2597 3987 2788 4053 deum
2835 3996 2900 4054 et
2946 3990 3094 4055 deus

549 4101 690 4159 erat
734 4094 1021 4159 verbum.

725 4200 868 4265 Hoc
916 4206 1058 4264 erat
1102 4200 1169 4262 in
1216 4199 1533 4282 principio
1581 4198 1756 4283 apud
1791 4199 2000 4264 deum.
2066 4199 2300 4265 Omnia
2331 4223 2449 4284 per
2478 4203 2693 4286 ipsum
2724 4202 2899 4268 facta
2931 4209 3089 4282 sunt,

729 4363 746 4393 ¹
784 4362 893 4415 Die
940 4360 1167 4415 Worter
1215 4366 1271 4413 et
1326 4360 1546 4415 adiutor
1600 4379 1694 4415 ero
1740 4362 1814 4415 ad
1860 4362 2209 4416 retinendum
2256 4367 2314 4416 et
2367 4362 2780 4418 defendendum
2834 4366 2956 4419 sind
3010 4381 3088 4418 am

549 4451 743 4506 Raude
778 4468 890 4506 von
927 4448 1215 4504 dei-selben
1253 4449 1420 4502 Hand
1458 4450 1883 4520 nachgetragen.
2042 4450 2063 4482 ²
2100 4450 2222 4504 Auf
2249 4450 2445 4505 Rasur.
2591 4452 2613 4483 ⁸
2648 4452 2757 4507 Die
2796 4451 3089 4508 Aufschrift

549 4540 698 4595 steht
733 4538 885 4592 nicht
921 4539 1061 4593 iiber
1096 4539 1221 4593 dem
1246 4537 1547 4593 Abschnitt
1581 4539 1821 4594 sondern
1858 4541 1934 4592 im
1959 4539 2102 4593 Text
2137 4540 2252 4592 und
2274 4557 2424 4595 zwar
2447 4541 2506 4593 in
2530 4541 2631 4595 der
2647 4545 2884 4597 'zweiten
2909 4541 3087 4599 Halfte

551 4630 650 4683 der
686 4635 866 4683 ersten
903 4628 1019 4682 und
1055 4630 1286 4684 zweiten
1322 4627 1487 4682 Zeile.
1804 4628 1814 4638 '
