3242 5184
1551 294 2041 356 -118—

522 470 678 553 quid
741 491 858 553 per
922 492 1032 535 vos
1088 469 1153 533 in
1209 468 1332 533 hac
1387 477 1572 554 parte
1628 476 1853 536 contra
1907 477 2283 554 preceptum
2329 468 2621 536 nostrum
2670 471 3071 551 contingeret

204 581 322 636 Fol.
362 587 425 635 61
441 579 481 634 '’-
521 577 933 661 attemptari‚
1003 564 1391 658 statuenteS,
1452 577 1474 663 ΙΙ
1532 583 1606 642 ut
1680 576 2049 642 huiusmodi
2118 582 2601 660 presumptores
2659 578 3072 641 incurrerent

521 684 1199 749 excommunicationis
1233 685 1622 749 sententiam
1670 684 1811 768 ipso
1859 683 2052 766 fact0,
2101 706 2141 750 a
2186 706 2319 767 qua
2362 706 2773 767 nequaquam
2822 684 3070 751 absolvi

520 796 823 874 possent,
870 791 996 855 nisi
1043 812 1112 855 se
1167 789 1341 873 apud
1396 790 1613 856 sedem
1661 790 2082 875 apostolicam
2129 790 2213 856 ab
2261 813 2368 873 ea,
2417 792 2588 856 sicut
2630 793 2839 856 visum
2886 792 3069 873 foret,

521 896 899 963 absolvendi
951 897 1378 981 personaliter
1432 903 1901 981 presentarent.
1993 897 2235 962 Verum
2291 899 2447 981 quia
2503 898 2913 982 postmodum
2960 919 3074 981 per

522 1003 838 1087 quasdam
885 1004 1048 1069 alias
1095 1004 1347 1069 litteras
1393 1004 1574 1070 vobis
1622 1009 1689 1070 et
1734 1004 1978 1069 eisdem
2023 1003 2336 1069 fratribus
2384 1005 2739 1070 districtius
2773 1005 3072 1070 duximus

520 1110 963 1193 inhibendum,
1010 1133 1093 1176 ne
1124 1116 1277 1176 ante
1309 1133 1548 1176 annum
1578 1110 1980 1195 probationis
2028 1111 2339 1195 elapsum,
2390 1112 2501 1195 qui
2549 1119 2651 1178 est
2695 1113 2979 1178 maxime
3009 1114 3074 1177 in

523 1217 884 1284 subsidium
930 1218 1301 1302 fragilitatis
1348 1218 1629 1285 humane
1674 1219 2060 1301 regulariter
2112 1220 2483 1302 institutus,
2551 1240 2946 1303 quemquam
2993 1220 3074 1284 ad

522 1325 984 1410 professionem
1029 1332 1389 1391 vestrorum
1436 1324 1733 1390 ordinum
1779 1328 2223 1411 presumeritis
2261 1328 2547 1410 recipere
2580 1348 2693 1391 seu
2727 1326 2811 1391 ad
2842 1349 3073 1392 renun-

523 1433 859 1498 tiationem
907 1432 1106 1497 seculi
1153 1431 1508 1497 satiendam
1555 1453 1673 1497 nec
1720 1435 2144 1499 constitutum
2190 1436 2257 1498 in
2312 1434 2700 1518 probacione
2760 1434 3073 1499 novitium

523 1538 933 1621 aliquatenus
979 1538 1312 1623 impedire,
1361 1540 1705 1621 quominus
1751 1540 1922 1605 infra
1968 1539 2244 1606 eundem
2282 1563 2523 1605 annum
2553 1541 2961 1624 probationis
2995 1541 3074 1605 ad

525 1646 721 1711 aliam
766 1645 1143 1729 religionem
1162 1695 1178 1728 ,
1237 1667 1434 1729 quam
1479 1646 1705 1712 mallet
1722 1696 1738 1729 ‚
1798 1648 2138 1730 transiret,
2188 1648 2357 1713 sicut
2377 1679 2381 1686 ·
2402 1648 2483 1713 de
2530 1669 2651 1713 sua
2694 1648 3078 1731 procederet

523 1752 730 1818 libera
760 1753 1112 1834 voluntate,
1160 1775 1289 1818 non
1336 1753 1749 1820 obstantibus
1797 1760 2043 1820 statuto
2090 1755 2437 1837 contrario,
2486 1756 2542 1819 si
2587 1754 2759 1838 quod
2806 1777 2848 1820 a
2892 1755 3077 1821 vobis

525 1866 699 1926 esset
728 1854 1021 1941 editum,‘
1043 1858 1215 1941 quod
1246 1860 1501 1925 irritum
1535 1861 1935 1926 decrevimus
1968 1866 2034 1926 et
2064 1862 2275 1944 inane,
2324 1862 2425 1927 vel
2463 1861 2791 1945 aliquibus
2837 1864 3077 1930 litteris

525 1990 566 2032 a
612 1965 765 2032 sede
811 1966 1172 2050 apostolica
1228 1967 1591 2051 impetratis
1650 1989 1765 2034 seu
1830 1969 2029 2034 etiam
2088 1969 2513 2053 impetrandis
2530 2020 2545 2050 ,
2609 1991 2734 2052 que
2793 1969 2873 2035 de
2940 1994 3077 2055 pre·

524 2074 740 2139 missis
789 2094 1160 2157 expressam
1207 2096 1334 2139 non
1379 2073 1671 2139 facerent
1713 2077 2124 2159 mentionem,
2174 2081 2240 2142 et
2285 2077 2341 2141 si
2390 2077 2557 2142 forte
2597 2083 2823 2142 contra
2854 2077 3077 2143 huius-

524 2179 700 2246 modi
767 2186 1057 2246 nostram
1115 2179 1565 2246 inhibitionem
1626 2203 2017 2265 quemquam
2076 2205 2187 2248 vos
2248 2184 2350 2248 vel
2410 2183 2566 2248 dicti
2629 2184 2868 2249 fratres
2919 2186 3077 2250 reci-

525 2288 768 2372 peretis
782 2291 825 2368 1,
875 2287 988 2369 qui
1034 2287 1271 2352 taliter
1288 2294 1597 2378 ‚receptus
1645 2289 1982 2372 existeret,
2042 2289 2414 2355 nullatenus
2475 2296 2692 2356 vestro
2738 2299 2919 2357 esset
2965 2272 3078 2358 nec

527 2394 900 2463 eorumdem
959 2394 1233 2459 fratrum
1291 2394 1500 2460 ordini
1559 2395 1864 2479 alligatus
1928 2398 2210 2480 vosque²
2272 2419 2349 2462 ac
2411 2398 2536 2481 ipsi
2603 2421 2643 2463 a
2704 2399 3077 2483 receptione

526 2501 963 2586 quorumlibet
1025 2501 1109 2566 ad
1172 2501 1638 2585 professionem
1693 2502 2012 2569 dictorum
2068 2504 2364 2570 ordinum
2420 2506 2649 2570 essetis
2702 2506 2845 2589 ipso
2908 2506 3076 2571 facto

527 2609 823 2694 suspensi
881 2615 948 2674 et
1001 2608 1266 2692 insuper
1319 2630 1482 2692 pene
1539 2609 1863 2676 deberetis
1920 2610 2165 2692 subici,
2233 2632 2359 2693 que
2413 2611 2724 2677 fratribus
2788 2613 3078 2696 ipsorum

527 2717 824 2783 ordinum
857 2737 975 2800 pro
1023 2715 1230 2799 culpis
1277 2714 1482 2798 infligi
1527 2716 1932 2798 gravioribus
1981 2718 2331 2800 consuevit,
2378 2741 2517 2800 nosi,
2566 2720 2739 2802 quod
2788 2720 2871 2786 de
2921 2720 3077 2786 obli-

528 2825 697 2906 gatis
735 2823 946 2888 ordini
977 2822 1414 2905 predictorum
1445 2821 1720 2888 fratrum
1750 2825 1818 2888 in
1849 2824 2179 2908 premissis
2209 2826 2450 2890 nostris
2483 2824 3077 2907 diximussslitteriS‚

527 2953 610 2995 ne
654 2931 830 3014 ipsos
876 2930 1166 3013 recipere
1211 2930 1622 3013 presumatiS,
1673 2929 2017 2996 statuendo
2065 2935 2138 2995 ut
2182 2931 2551 2999 huiusmodi
2595 2940 3077 3018 presumptores

527 3038 669 3125 ipso
716 3036 886 3102 facto
934 3037 1321 3102 sententiam
1369 3037 2047 3104 excommunicationis
2102 3038 2463 3122 incurrant,
2523 3040 2603 3106 de
2647 3041 2777 3106 illis
2823 3047 3079 3107 tantum

527 3143 804 3227 intelligi
849 3144 1171 3226 volumuS,
1238 3165 1400 3227 quos
1447 3151 1597 3228 post
1641 3145 2003 3229 predictum
2051 3166 2289 3210 annum
2335 3144 2738 3229 probationis
2786 3149 3078 3234 elapsum

531 3272 750 3317 eorum
800 3272 941 3316 esse
988 3251 1350 3317 constiterit
1395 3250 1606 3316 ordini
1652 3251 1971 3334 alligatos.
2063 3251 2241 3318 Nulli
2287 3273 2439 3335 ergo
2486 3260 2605 3319 etc.

767 3513 883 3582 'In
948 3519 1212 3584 eodem
1277 3518 1493 3583 modo
1558 3540 1692 3602 pro
1757 3517 2489 3605 pred-ica4sstoribus,
2566 3523 2945 3605 magistro
3008 3528 3078 3588 et

885 3624 1265 3690 fratribus
1314 3623 1607 3690 ordinis
1656 3623 1983 3690 fratrum
2028 3624 2619 3710 predicatorum.

707 3785 853 3850 Non
900 3785 1109 3849 solum
1154 3784 1221 3848 in
1269 3784 1554 3851 favorem
1600 3785 1926 3867 conversi,
1990 3786 2104 3852 sed
2167 3787 2363 3852 etiam
2422 3789 2797 3873 monasterij
2848 3790 3074 3874 proba-

530 3893 727 3957 tionis
791 3898 1048 3975 tempus
1102 3912 1144 3956 a
1198 3891 1438 3956 sanctis
1492 3891 1790 3975 patribus
1847 3898 1949 3957 est
2000 3893 2352 3975 indultum,
2418 3901 2494 3959 ut
2537 3895 2647 3960 ille
2693 3897 3073 3978 asperitates

532 3999 720 4064 istius
768 4004 834 4063 et
877 3999 1054 4063 istud
1099 4019 1311 4064 mores
1357 3998 1533 4064 illius
1579 3999 1794 4064 valeat
1839 4001 2137 4083 experiri.
2216 4000 2294 4065 In
2331 4001 2557 4084 regula
2600 4023 2860 4084 quoque
2907 4002 3072 4067 beati

532 4104 870 4171 Benedicti
915 4105 1291 4189 precipitur,
1338 4111 1412 4178 ut
1442 4105 1525 4170 ad
1558 4108 2039 4172 conversionem
2077 4109 2327 4174 noviter
2372 4109 2654 4174 venienti
2698 4130 2826 4175 non
2873 4107 3070 4174 facilis

533 4210 861 4278 tribuatur
904 4212 1262 4295 ingressuS,
1321 4212 1463 4294 sed,
1522 4213 1693 4278 sicut
1737 4213 1928 4279 docet
1973 4215 2336 4297 apostoluS,
2396 4238 2479 4280 an
2527 4216 2615 4280 sit
2658 4236 2738 4279 ex
2784 4215 2904 4281 deo
2951 4214 3070 4298 spi-

215 4336 335 4390 Fol.
374 4342 441 4389 62
456 4341 494 4388 ⁸.
533 4320 721 4401 ritus,
769 4318 1225 4403 comprobetur
1271 4325 1337 4384 et
1368 4320 1532 4385 dura
1563 4326 1630 4385 et
1661 4342 1912 4405 aspera,
1949 4321 1971 4408 ΙΙ
2005 4343 2121 4405 per
2153 4344 2279 4404 que
2310 4321 2442 4386 itur
2473 4322 2554 4387 ad
2589 4321 2939 4405 dominum,
2973 4343 3069 4387 ex-

713 4568 733 4604 ¹
769 4568 887 4624 Das
923 4574 1066 4624 erste
1101 4572 1121 4623 i
1156 4575 1245 4624 rot
1278 4570 1381 4624 auf
1410 4570 1604 4625 Rasur.
1753 4571 1775 4603 ²
1806 4589 1844 4626 v
1880 4577 1966 4625 rot
1989 4571 2133 4625 korr.
2159 4589 2260 4627 aus
2285 4589 2337 4627 u.
2483 4572 2505 4604 ³
2540 4572 2775 4631 Hdsohs.
2812 4574 3067 4630 duximus·

537 4658 558 4690 ⁴
596 4659 702 4713 Am
742 4657 897 4715 Ende
934 4659 1030 4714 des
1065 4659 1552 4734 vorhergehenden
1586 4659 1857 4718 Absatzes
1892 4660 2033 4716 nach
2071 4665 2172 4716 etc.
