3242 5184
136 2165 258 2219 Fol.
297 2170 362 2218 87
376 2171 414 2216 ².

1479 241 1968 304 -168—

714 471 1047 555 Quedam
1095 471 1455 537 mandata
1502 471 1691 536 dicti
1738 470 2023 535 domini
2068 490 2280 553 pape.

624 616 815 680 Anno
871 614 1113 680 domini
1166 614 1505 679 millesimo
1560 620 1681 678 etc.
1737 613 2017 678 inhibuit
2085 611 2382 676 dominus
2438 610 2761 675 Iohannes
2826 632 3013 693 papa

448 724 634 788 nobis
673 722 1088 808 Grau[celino]
1121 721 1668 802 vicecancellariO,
1703 720 1875 802 quod
1913 719 2086 784 nulle
2131 720 2346 784 littere
2396 717 2823 800 expediantur
2864 717 3013 780 sine

447 831 753 913 lectione,
821 830 1017 893 etiam
1066 829 1120 891 si
1167 829 1234 891 in
1280 828 1599 912 peticione
1646 828 1848 911 ipsius
1897 826 2138 891 domini
2184 846 2352 908 pape
2400 826 2582 907 signo
2631 825 2894 906 signata
2941 823 3014 886 id

451 936 817 1021 specialiter
864 940 1187 1000 caveatur.
1272 934 1463 999 Anno
1504 933 1730 999 eodem
1775 933 2077 1014 inhibuit,
2126 931 2299 1014 quod
2348 931 2564 1013 alique
2609 931 2825 995 littere
2878 952 3013 995 non

450 1050 822 1124 transeant,
882 1043 938 1106 si
991 1043 1057 1105 in
1113 1042 1271 1125 ipsis
1329 1022 1671 1121 caveatur,
1738 1040 1922 1123 quod·
1968 1040 2048 1103 de
2103 1039 2416 1122 dignitate
2472 1037 2574 1102 vel
2627 1044 3012 1121 personatu,

450 1151 647 1215 etiam
680 1150 735 1214 si
772 1171 889 1232 per
926 1139 1312 1213 electionem
1343 1153 1489 1228 etc.,
1528 1147 1656 1211 nisi
1693 1146 1990 1212 dominus
2028 1169 2200 1230 papa
2236 1144 2301 1209 id
2340 1146 2710 1228 specialiter
2745 1143 3015 1209 duxerit

449 1256 933 1340 iniungendum,
984 1261 1120 1321 esto
1167 1254 1341 1338 quod
1386 1256 1453 1319 in
1498 1255 1820 1339 peticione
1866 1242 2161 1319 similiter
2207 1258 2559 1318 caveretur.

707 1451 822 1515 Ad
868 1450 1084 1516 idem.

496 1681 502 1685 .
628 1593 795 1658 Item
849 1594 1203 1658 reservavit
1257 1593 1554 1658 dominus
1609 1598 1830 1658 noster
1881 1593 2241 1675 penultima
2288 1591 2391 1657 die
2438 1592 2739 1658 Octobris
2788 1593 3015 1656 omnia

453 1700 770 1765 beneficia
825 1700 1067 1765 domini
1111 1700 1353 1783 Rogeri
1408 1699 1488 1764 de
1533 1698 1887 1766 Petraforti
1941 1698 2025 1763 ad
2070 1700 2454 1765 instanciam
2493 1699 2567 1765 B.
2618 1699 2698 1764 de
2745 1699 3013 1764 Castro-

452 1830 618 1872 novo
666 1814 732 1871 et
778 1807 1067 1891 precepit
1112 1813 1329 1872 autem
1375 1806 1550 1889 quod
1596 1807 1966 1872 scriberem.

721 2055 1165 2138 Sequuntur
1210 2055 1604 2120 mirabilia
1649 2062 2002 2139 pennata.

725 2167 751 2246 ΙΙ
778 2161 1142 2245 Regimen
1192 2168 1268 2227 et
1310 2163 1484 2227 iura
1530 2162 1997 2227 cancellarie
2042 2183 2247 2226 more
2294 2163 2631 2244 antique.

633 2304 829 2370 Curia
876 2304 955 2369 de
1001 2305 1167 2369 uno1
1215 2305 1356 2369 loco
1394 2304 1477 2369 ad
1516 2304 1716 2370 alium
1752 2304 2142 2388 procedente
2181 2306 2585 2370 senescalcus
2624 2306 3015 2370 cancellarie

456 2413 650 2478 debet
675 2412 962 2494 recipere
994 2410 1230 2475 cotidie
1260 2411 1567 2477 vivandas
1604 2433 1723 2495 pro
1763 2411 2020 2476 domino
2058 2411 2583 2476 vicecancellario
2622 2418 2688 2476 et
2714 2411 3011 2493 notarijS,

458 2521 590 2585 sive
645 2540 864 2583 omnes
913 2519 1042 2582 sint
1086 2525 1418 2602 presentes
1466 2519 1601 2583 sive
1655 2540 1813 2600 non,
1871 2518 2065 2584 debet
2119 2519 2313 2584 etiam
2369 2517 2653 2583 dividere
2699 2517 3011 2583 vivandas

457 2627 822 2693 absentium
867 2626 1038 2690 inter
1082 2631 1437 2708 presentes,

634 2733 801 2798 Item
850 2733 904 2797 si
951 2737 1051 2797 est
1094 2732 1186 2797 ibi
1218 2732 1783 2797 vicecancellarius
1816 2731 1917 2796 vel
1947 2732 2238 2797 notarius
2272 2732 2469 2813 soluS,
2518 2732 2683 2797 alter
2719 2733 3012 2817 ipsorum

458 2841 652 2906 debet
695 2838 1003 2905 vivandas
1049 2837 1197 2903 illas
1244 2839 1577 2923 percipere
1626 2845 1693 2904 et
1735 2839 1996 2904 habere.

633 2946 801 3012 Item
833 2944 1093 3029 quando
1134 2947 1316 3011 curia
1360 2944 1539 3011 vadit
1585 2944 1665 3010 de
1711 2944 1853 3010 loco
1901 2944 1985 3010 ad
2031 2944 2265 3027 locum,
2300 2945 2689 3013 cancellaria
2720 2945 2918 3012 debet
2947 2947 3011 3009 in

456 3054 750 3138 pitantijs
797 3074 914 3137 pro
961 3053 1164 3118 tercia
1210 3059 1395 3137 parte
1442 3053 1587 3136 plus
1635 3053 1942 3136 recipere.
2306 3134 2310 3137 Β

635 3160 802 3225 Item
835 3160 890 3223 si
922 3161 1138 3225 curie²
1182 3161 1250 3224 in
1294 3160 1459 3240 loc0,
1506 3160 1571 3223 in
1620 3180 1814 3242 quem
1862 3158 2214 3240 devenerit,
2263 3160 2346 3225 ab
2394 3159 2884 3244 archiepiscopo
2916 3159 3011 3224 vel

459 3267 761 3349 episcopo
795 3288 907 3331 seu
941 3287 1347 3350 quocumque
1378 3267 1631 3350 prelato
1664 3272 1779 3331 aut
1809 3267 2270 3331 communitate
2306 3267 2432 3331 loci
2478 3266 2595 3331 fiat
2638 3267 3008 3350 procuratio

457 3375 525 3438 in
581 3372 770 3454 cibis,
837 3373 1224 3439 cancellaria
1278 3373 1473 3439 debet
1525 3374 1813 3457 recipere
1869 3395 1987 3456 pro
2054 3373 2307 3438 duobus
2374 3373 2831 3438 cardinalibus.
2946 3371 3009 3437 Si

460 3500 609 3544 vero
641 3478 761 3543 fiat
788 3479 853 3542 in
885 3481 1179 3563 pecunia,
1229 3480 1423 3546 debet
1465 3481 1756 3564 recipere
1801 3502 1919 3564 pro
1965 3502 2095 3545 uno
2142 3479 2491 3561 cardinale,
2541 3481 2708 3545 sicut
2751 3481 2822 3545 in
2868 3501 3006 3565 pro-

458 3568 718 3651 vinciali
765 3587 1078 3670 scriptum
1124 3593 1243 3651 est.

636 3691 806 3757 Item
853 3693 910 3758 si
953 3694 1323 3777 procuratio
1371 3694 1456 3758 sit
1508 3694 1885 3776 pecuniaria
1906 3744 1921 3775 ,
1988 3694 2164 3778 prior
2218 3680 2618 3760 notariorum
2674 3693 2779 3758 vel
2825 3694 3004 3772 aliuS,

461 3800 573 3883 qui
628 3800 947 3884 reciperet
1000 3821 1171 3881 eam,
1234 3799 1428 3866 debet
1480 3800 1660 3865 illam
1714 3821 2096 3866 conservare
2151 3822 2229 3866 ac
2295 3800 2579 3866 dividere
2632 3801 2803 3865 inter
2848 3801 3004 3865 vice-

461 3902 919 3972 cancellarium
966 3912 1033 3971 et
1075 3907 1382 3972 notarios

639 4011 806 4077 Item
853 4014 907 4077 si
955 4013 1134 4078 curia
1179 4015 1511 4097 perveniat
1555 4014 1639 4079 ad
1685 4014 1968 4097 aliquem
2010 4014 2255 4097 locum,
2302 4013 2370 4078 in
2417 4034 2545 4096 quo
2598 4012 2902 4094 resideat,
2948 4016 3005 4075 et

463 4119 698 4202 aliquis
744 4120 1143 4184 notariorum
1174 4142 1303 4185 non
1335 4120 1613 4203 adesset,
1660 4120 1935 4186 vivanda
1981 4120 2109 4185 diei
2156 4142 2271 4186 sue
2316 4143 2446 4185 non
2493 4120 2687 4185 debet
2729 4121 2798 4184 in
2846 4120 3002 4185 diem

462 4225 659 4292 aliam
691 4228 1090 4292 commutari.

640 4332 807 4399 Item
855 4336 910 4398 si
975 4334 1209 4416 aliquis
1264 4334 1460 4400 vellet
1514 4341 1910 4400 commutare
1975 4334 2145 4399 diem
2212 4356 2399 4399 suum
2457 4336 2525 4398 in
2589 4334 2820 4417 alium,
2886 4352 3000 4398 non

462 4447 694 4524 potest,
741 4441 870 4505 nisi
915 4441 1072 4506 ordo
1119 4442 1546 4506 successionis
1593 4440 1780 4506 daret
1824 4442 1902 4506 ei.

646 4603 663 4633 ¹
702 4620 737 4655 11
776 4602 914 4656 fiber
952 4604 1050 4656 der
1085 4602 1234 4657 Zeile
1270 4602 1698 4674 nachgetragen.
1882 4604 1901 4634 ²
1937 4602 2173 4659 Hdschr.
2210 4604 2376 4659 curia.
