3242 5184
1491 267 1978 327 -104—

672 584 677 589 A
730 481 1369 579 Archiepiscopis
1438 501 1510 559 et
1573 496 1999 579 episcopiS,
2067 495 2531 576 abbatibus,
2598 496 3040 580 prioribuS,

816 587 1170 691 decanis,
1232 602 1839 682 archidiaconiS,
1897 602 2284 686 plebanis,
2334 589 3041 687 archipresbiteris

827 717 900 774 et
946 710 1129 794 alijs
1178 716 1350 790 etc.,
1402 708 1493 773 ad
1540 730 1728 792 quos
1778 710 1956 774 etc.1

650 868 997 952 Querelam
1029 891 1292 954 gravem
1325 870 1688 952 recepimus
1738 869 2120 933 dilectorum
2168 869 2447 935 filiorum
2497 921 2510 934 .
2558 919 2573 935 .
2621 873 2925 953 magistri
2978 878 3045 936 et

472 979 744 1041 fratrum
775 976 1115 1060 hospitalis
1148 976 1542 1059 AltipassuS,
1593 998 1788 1058 quam
1821 999 1935 1059 pre
1968 977 2411 1059 magnitudine
2445 977 2633 1061 culpe
2665 1000 2742 1042 ac
2787 1000 3040 1062 paupe-

155 1086 273 1142 Fo‘l-
314 1091 433 1139 55⁸.
475 1106 618 1148 rum
664 1084 1002 1167 dispendio
1050 1083 1461 1147 dissimulare
1507 1105 1628 1147 nec
1673 1083 1967 1148 volumus
2015 1105 2134 1147 nec
2191 1083 2498 1149 debemus
2513 1085 2555 1148 2.
2602 1085 2624 1171 ΙΙ
2666 1085 3042 1168 Proposue-

478 1198 630 1256 runt
687 1191 1005 1273 siquidem
1069 1189 1360 1255 iamdicti
1407 1190 1674 1271 fratres,
1725 1190 1935 1272 quod,
1998 1213 2144 1255 cum
2201 1213 2319 1275 pro
2379 1190 2748 1275 confratrijs
2797 1199 2865 1257 et
2914 1193 3042 1257 ele-

478 1299 744 1363 mosinis
777 1319 1136 1382 pauperum
1168 1297 1573 1380 requirendis
1606 1299 1788 1362 iuxta
1830 1298 2363 1363 consuetudinem
2410 1320 2596 1363 suam
2644 1300 3042 1365 auctoritate

478 1406 836 1490 apostolica
881 1403 1328 1469 confirmatam
1377 1405 1458 1469 ad
1506 1405 1812 1470 ecclesias
1862 1405 2267 1488 quorundam
2314 1405 3041 1488 presbiterorum-acce-

479 1513 672 1591 dant,
725 1534 834 1577 008
882 1513 1168 1596 recipere
1214 1513 1474 1593 nolunt,
1524 1511 1658 1592 sed,
1708 1511 1881 1594 quod
1927 1513 2186 1594 gravius
2235 1518 2352 1593 est,
2402 1513 2483 1578 ab
2533 1513 2825 1596 ecclesijs
2877 1514 3040 1597 ipsis

480 1619 805 1703 predictos
853 1619 1086 1683 fratres
1136 1620 1342 1683 eicere
1387 1640 1515 1683 non
1562 1625 1883 1700 verentur,
1933 1641 2076 1683 cum
2118 1618 2429 1684 deberent
2475 1641 2585 1684 eos
2632 1620 2917 1703 benigne
2966 1643 3042 1685 ac

482 1727 802 1810 patienter
863 1725 1089 1790 audire
1151 1732 1217 1790 et
1269 1726 1732 1810 parrochianos
1801 1748 1950 1790 suos
2010 1726 2093 1791 ad
2148 1726 2598 1817 conferendas
2636 1727 3043 1811 pauperibus

483 1833 867 1898 elemosinas
906 1834 1218 1897 attentius
1252 1832 1597 1897 exhortari.
1678 1832 1950 1898 Accedit
1997 1833 2079 1898 ad
2124 1833 2266 1914 hoc,
2317 1833 2489 1915 quod
2544 1834 2810 1916 quidam
2860 1855 3043 1918 pres-

481 1941 673 2005 biteri
721 1940 1047 2023 quandam
1103 1946 1353 2023 partem
1395 1939 1890 2004 elemosinarum
1923 1961 2280 2024 pauperum
2314 1942 2578 2023 exigunt
2606 1940 3044 2024 impudenter,

482 2054 569 2128 et,
617 2054 692 2111 ut
721 2048 973 2130 possint
1003 2053 1406 2128 extorquere,
1456 2047 1628 2128 quod
1662 2054 1958 2130 querunt,
2008 2046 2451 2130 parrochianis
2500 2049 2633 2112 suis
2679 2048 3046 2113 reclaman-

487 2154 663 2219 tibus
711 2175 1072 2238 pauperum
1119 2153 1502 2235 obsequium
1551 2153 1863 2238 impedire
1910 2176 2025 2237 pro
2074 2176 2190 2218 sue
2221 2153 2572 2218 voluntatis
2606 2154 2882 2220 arbitrio
2917 2177 3044 2220 non

484 2261 854 2326 formidant.
946 2259 1135 2326 Unde
1200 2261 1505 2343 quoniam
1561 2268 1815 2325 tantum
1880 2260 2314 2344 predictorum
2369 2261 2643 2326 fratrum
2689 2282 3046 2344 gravamen

489 2375 553 2433 et
615 2390 973 2452 pauperum
1034 2366 1440 2451 dispendium
1500 2367 1739 2432 clausis
1804 2389 1933 2431 non
1989 2367 2297 2433 debemus
2354 2368 2557 2433 oculis
2621 2369 3045 2452 pertransire,

489 2475 725 2558 quibus
775 2496 853 2539 ex
901 2474 1118 2539 debito
1165 2474 1514 2558 pastoralis
1563 2474 1758 2559 officij
1808 2476 2240 2558 patrocinium
2286 2481 2582 2540 tenemur
2630 2481 2860 2540 contra
2913 2498 3045 2539 om-

489 2583 670 2647 nium
716 2582 1126 2647 insolentiam
1173 2582 1508 2664 impertiri,
1557 2583 1965 2646 universitati
2011 2588 2221 2646 vestre
2259 2603 2378 2666 per
2408 2582 2767 2666 apostolica
2798 2584 3048 2665 scripta

490 2690 880 2774 precipimus
931 2695 1126 2771 atque
1182 2688 1565 2753 mandamus
1588 2738 1603 2769 ‚
1670 2690 1975 2770 quatinus
2034 2690 2349 2754 universis
2406 2689 2783 2772 presbiteris
2830 2695 3047 2754 vestre

488 2797 801 2880 potestati
848 2795 1155 2878 subjectis
1205 2795 1326 2859 sub
1381 2817 1550 2878 pena
1604 2794 1797 2879 officij
1859 2801 1924 2860 et
1975 2795 2265 2879 beneficij
2328 2797 2708 2880 iniungatis‚
2775 2802 2850 2860 ut
2906 2817 3047 2881 pre-

495 2903 702 2968 dictos
749 2903 983 2968 fratres
1031 2904 1097 2966 in
1145 2901 1435 2985 ecclesijs
1483 2904 1616 2967 suis
1666 2902 1750 2967 ad
1798 2925 1958 2985 opus
2007 2923 2363 2986 pauperum
2417 2903 2753 2987 predicare
2809 2909 2880 2968 et
2926 2904 3050 2968 ele-

495 3012 1103 3092 mosinas-querere,
1151 3011 1334 3074 iuxta
1380 3008 1553 3092 quod
1600 3010 1694 3074 eis
1743 3010 2101 3092 apostolica
2146 3009 2333 3075 sedes
2378 3010 2667 3092 indulsit,
2717 3012 2856 3075 sine
2893 3031 3050 3093 qua-

494 3118 657 3182 libet
703 3116 1210 3182 contradictione
1256 3118 1638 3201 permittant
1674 3137 1793 3181 nec
1839 3115 2088 3198 aliquid
2134 3116 2217 3181 ab
2265 3118 2357 3181 eis
2405 3118 2660 3199 exigere
2707 3118 2806 3182 vel
2839 3123 3050 3182 extor-

499 3245 698 3308 quere
762 3231 1178 3307 presumant,
1247 3223 1426 3288 salva
1487 3222 1929 3288 moderatione
1996 3223 2247 3305 concilij
2315 3222 2657 3306 generalis,
2751 3222 2821 3289 Si
2878 3246 3049 3304 ver0,

497 3330 907 3416 postmodum
957 3330 1036 3395 de
1072 3330 1394 3395 iamdictis
1441 3330 1819 3414 presbiteris
1876 3329 1959 3393 ad
2010 3329 2406 3394 audientiam
2456 3336 2737 3395 vestram
2785 3330 3052 3414 querela

498 3438 897 3523 pervenerit,
965 3439 1032 3501 in
1096 3444 1609 3521 transgressores
1675 3438 1963 3521 precepti
2026 3437 2224 3501 vestri
2284 3436 2476 3519 juxta
2537 3437 2800 3502 modum
2865 3438 3052 3521 culpe

498 3547 719 3611 taliter
772 3544 1147 3626 vindicetis,‚
1215 3543 1388 3628 quod
1446 3565 1557 3609 eos
1617 3565 1732 3609 sue
1778 3545 2164 3608 temeritatis
2211 3545 2500 3627 peniteat
2546 3551 2612 3609 et
2655 3544 2891 3610 fratres
2939 3566 3051 3628 pro

502 3653 756 3717 defectu
801 3643 1047 3716 iustitie
1093 3673 1221 3716 non
1267 3657 1581 3735 cogantur
1627 3650 1710 3716 ad
1758 3657 2046 3716 nostram
2079 3652 2471 3734 presentiam
2500 3651 2820 3717 laborare.
2901 3651 3048 3717 Per-

500 3761 677 3825 venit
720 3765 1028 3842 preterea⁴
1064 3758 1147 3823 ad
1194 3757 1593 3823 audientiam
1638 3765 1950 3839 nostram,
1998 3758 2193 3840 quod,
2243 3759 2298 3822 si
2346 3756 2606 3840 quando
2643 3757 3049 3842 parrochiani

501 3867 700 3932 vestri
745 3865 1050 3949 predictis
1095 3864 1408 3930 fratribus
1455 3865 1535 3930 de
1572 3865 1767 3930 rebus
1807 3866 1940 3929 suis
1974 3866 2314 3948 quitquam
2346 3867 2413 3929 in
2445 3871 2832 3930 testamento
2863 3864 3047 3929 relin-
3085 3900 3088 3903 ·

506 3978 733 4058 quunt,
782 3971 1052 4037 heredes
1100 3993 1323 4037 eorum
1370 3972 1470 4037 vel
1517 3972 1633 4054 illi,
1683 3973 1794 4055 qui
1841 3994 1943 4037 res
1991 3974 2168 4056 ipsas
2201 3992 2398 4056 penes
2432 3993 2501 4037 se
2531 3972 2794 4052 habent,
2843 3973 3047 4054 ipsum

504 4081 790 4164 legatum
838 4081 931 4145 eis
980 4074 1227 4144 solvere
1274 4078 1745 4145 contradicunt.
1825 4078 1995 4162 Quia
2025 4100 2175 4145 vero
2206 4100 2468 4162 gravem
2499 4078 2688 4162 culpe
2733 4070 3046 4143 maculam

687 4276 704 4309 ¹
743 4277 852 4331 Am
890 4276 1085 4332 Raude
1130 4276 1279 4331 links
1324 4278 1414 4332 ein
1460 4281 1545 4345 2‚5
1585 4275 1671 4331 Gt.
1709 4275 1879 4332 hohes
1923 4282 2068 4332 rotes
2112 4276 2301 4332 Kreuz
2344 4278 2404 4331 in
2451 4276 2550 4331 der
2592 4275 2759 4331 Form
2804 4277 2951 4330 eines
2983 4271 3045 4339 T,

507 4368 703 4423 dessen
739 4366 1040 4422 vertikaler
1074 4365 1293 4420 Balken
1329 4365 1470 4420 nach
1507 4371 1680 4420 unten
1716 4367 1774 4419 in
1811 4368 1962 4421 einer
1998 4365 2181 4436 Spitze
2217 4365 2477 4421 auslauft.
2643 4364 2665 4397 ²
2700 4363 2858 4420 Nach
2893 4361 3044 4416 debe·

508 4476 655 4512 mus:
710 4462 1114 4527 proposuerunt
1159 4456 1432 4525 siquidem
1478 4457 1589 4509 iam
1629 4456 1778 4509 dicti.
1851 4455 1968 4511 Vor
2013 4456 2200 4510 diesen
2236 4446 2500 4510 Wo'rtern
2545 4472 2641 4522 va,
2696 4453 2838 4509 nach
2889 4451 3044 4505 ihnen

509 4552 599 4601 cat
642 4564 754 4601 von
800 4545 1034 4600 anderer
1079 4545 1251 4600 Hand
1295 4545 1434 4600 iiber
1479 4545 1578 4599 der
1626 4544 1800 4614 Zeile,
1856 4544 1929 4599 da
1982 4545 2081 4599 das
2135 4544 2361 4600 nachste
2406 4545 2560 4600 Blatt
2602 4545 2706 4598 mit
2760 4539 3045 4599 denselben

509 4635 771 4689 Wortern
805 4635 1041 4706 begann.
