3242 5184
1506 291 1997 354 —112—

476 471 828 536 monitione
874 468 1259 553 precedente
1305 487 1423 550 per
1467 488 1809 533 censuram
1856 467 2358 531 ecclesiasticam
2411 465 2531 530 sub
2578 466 3039 549 appellationis

478 577 814 643 obstaculo
861 574 1285 658 compellatis.

746 844 1120 928 Magistro
1154 891 1169 909 .
1194 892 1207 907 .
1244 848 1318 907 et
1348 841 1726 906 fratribus
1761 841 2054 905 ordinis
2088 841 2408 906 fratrum
2441 840 3042 924 predicatorum.

659 987 1114 1072 Inspirationis
1162 985 1375 1049 divine
1420 985 1636 1067 gratia
1679 984 1957 1049 faciente
2003 1006 2136 1067 VOS,
2185 1006 2347 1067 quos
2395 986 2461 1048 in
2508 983 2717 1049 lucem
2748 984 3049 1065 gentium

485 1097 589 1160 dei
635 1095 957 1179 sapientia
1002 1093 1257 1157 dedisse
1305 1091 1683 1173 dinoscitur,
1733 1092 1817 1156 ad
1863 1092 1986 1157 hoc
2027 1093 2353 1156 continuis
2408 1092 2742 1156 desudatis
2797 1089 3049 1154 affecti-

485 1204 629 1284 bus,
695 1206 769 1265 ut
827 1200 1229 1284 spiritualem
1297 1198 1749 1281 consequendo
1793 1198 2100 1281 leticiam,
2175 1219 2300 1281 que
2363 1220 2480 1282 per
2544 1200 2826 1282 quietem
2892 1218 3049 1261 con-

487 1309 927 1392 templationis
975 1307 1334 1389 acquiritur
1379 1313 1445 1371 et
1475 1306 1937 1390 predicationis
1986 1327 2168 1370 sacre
2216 1305 2503 1370 studium
2551 1291 2901 1386 obtinetur,
2956 1305 3052 1367 sic

490 1416 851 1481 decurratis
908 1415 1226 1497 presentis
1284 1414 1413 1478 vite
1471 1414 1774 1495 spatium,
1824 1413 1994 1494 quod
2045 1419 2370 1477 annuente
2415 1412 2463 1477 J
2466 1433 2583 1477 esu
2628 1411 2868 1476 Christi
2920 1409 3050 1474 cle-

492 1524 733 1588 mentia
793 1522 974 1586 vobis
1040 1520 1302 1585 tandem
1367 1541 1443 1584 ac
1499 1521 1809 1602 proximis
1866 1521 2201 1602 proveniat
2247 1520 2455 1602 gloria
2501 1525 2811 1604 perpetue
2857 1518 3051 1582 clari-

490 1632 667 1694 tatis.
759 1629 972 1710 Digne
1016 1629 1233 1710 igitur,
1282 1628 1437 1708 quia
1481 1648 1599 1710 per
1631 1648 1735 1708 ea,
1785 1648 1910 1709 que
1957 1627 2138 1691 vobis
2186 1649 2227 1691 a
2273 1627 2425 1692 sede
2471 1626 2830 1711 apostolica
2876 1647 3054 1689 com-

493 1739 857 1818 mittuntur,
913 1734 1290 1818 principalis
1348 1735 1544 1798 vestri
1604 1735 1920 1819 propositi
1976 1741 2460 1817 nonnumquam
2508 1734 2800 1798 executio
2847 1734 3054 1816 impe-

497 1845 670 1909 ditur
716 1850 781 1908 et
825 1864 954 1908 non
1001 1841 1323 1906 modicum
1371 1840 1566 1905 saluti
1612 1841 1976 1906 detrahitur
2006 1843 2389 1923 animarum,
2437 1842 2828 1906 auctoritate
2867 1840 3057 1903 vobis

497 1951 891 2035 presentium
947 1947 1382 2030 indulgemuS,
1440 1953 1514 2012 ut
1567 1949 1649 2013 ad
1708 1950 2122 2013 correctionis
2178 1970 2294 2016 seu
2341 1949 2729 2013 visitationis
2777 1945 3058 2010 offitium

498 2057 908 2139 monasterijs
956 2057 1057 2120 vel
1104 2054 1392 2137 ecclesijs
1438 2054 1938 2139 impendendum
1986 2078 2235 2121 necnon
2292 2056 2376 2120 ad
2426 2056 2836 2121 executiones
2904 2075 3060 2117 cau-

501 2185 717 2229 sarum
766 2170 831 2228 et
876 2163 1395 2227 denuntiationes
1441 2164 2180 2228 excommunicatorum1
2227 2162 2574 2247 procedere
2623 2161 2720 2226 vel
2767 2162 3064 2244 recipere

503 2292 723 2336 curam
770 2269 1142 2335 monialium
1193 2290 1305 2334 seu
1351 2267 1796 2351 religiosarum
1829 2270 2267 2352 quarumlibet
2296 2270 2456 2334 nulli
2501 2273 2776 2334 iratrum
2812 2274 3064 2333 vestro-

504 2401 647 2443 rum
695 2378 774 2442 de
821 2384 1034 2442 cetero
1081 2397 1198 2459 per
1252 2375 1502 2440 litteras
1569 2378 1959 2460 apostolicas
2015 2384 2377 2458 teneantur,
2445 2379 2569 2441 nisi
2626 2397 2934 2458 expresse
2985 2375 3065 2438 de

504 2486 627 2550 hac
702 2484 1102 2566 indulgentia
1178 2483 1449 2547 fecerint
1522 2485 1933 2548 mentionem.
2057 2484 2231 2548 Nulli
2297 2505 2448 2565 ergo
2515 2490 2735 2547 nostre
2799 2504 3066 2547 conces-

507 2595 706 2657 sionis
756 2599 874 2657 etc.

775 2840 1406 2924 Archiepiscopis
1455 2846 1533 2904 et
1577 2841 1999 2924 episcopiS,
2047 2842 2137 2906 ad
2172 2863 2361 2924 quos
2392 2843 2660 2907 littere
2692 2842 2845 2905 iste
2892 2861 3067 2923 per-

863 2947 1278 3015 venerint2.

691 3092 860 3174 Quia
907 3093 1093 3175 pron'i
1158 3096 1310 3155 sunt
1332 3095 1356 3132 3
1420 3091 1503 3155 ab
1563 3089 2001 3156 adolescentia
2065 3092 2341 3156 hominis
2398 3113 2625 3156 sensus
2676 3091 2761 3156 ad
2821 3092 3072 3155 malum

515 3208 579 3277 et
642 3221 793 3264 caro
854 3220 1108 3282 semper
1171 3198 1377 3280 vergit
1438 3199 1502 3260 in
1566 3197 1845 3281 culpam,
1911 3205 2481 3281 quantumcunque
2542 3199 2775 3265 fratres
2823 3199 3072 3262 ordinis

515 3307 990 3392 predicatorum
1055 3326 1173 3389 pro
1239 3326 1354 3369 sue
1419 3311 1642 3369 sancte
1706 3304 2035 3387 religionis
2110 3306 2523 3371 observantia
2597 3308 2662 3370 in
2728 3306 3072 3371 ecclesiam

517 3415 620 3478 dei
668 3412 1005 3497 splendere
1036 3418 1406 3493 noscantur,
1455 3433 1534 3476 ex
1563 3412 1851 3476 humana
1881 3418 2098 3476 tamen
2129 3412 2480 3496 fragilitate
2513 3414 2846 3495 contingit,
2897 3412 3074 3495 quod

517 3520 839 3585 interdum
886 3520 1151 3601 quidam
1198 3540 1419 3583 eorum
1469 3517 1789 3583 excedunt
1832 3520 1900 3583 in
1931 3519 2211 3602 casibuS,
2259 3522 2326 3583 in
2367 3521 2603 3602 quibus
2637 3522 3074 3585 excommuni-

521 3628 793 3692 cationis
843 3628 1227 3691 sententiam
1275 3633 1341 3690 et
1386 3632 1607 3690 notam
1654 3626 2152 3707 irregularitatis
2185 3629 2539 3691 incurrunt.
2635 3627 2851 3709 Quare
2885 3627 3074 3691 nobis

202 3759 320 3815 1³01,
362 3760 477 3809 59⁵.
515 3753 534 3826 Η
570 3735 694 3799 fuit
739 3734 1110 3798 humiliter⁴
1156 3732 1610 3817 supplicatum,
1661 3739 1752 3815 ut,
1813 3755 1958 3797 cum
2006 3735 2264 3799 omnino
2311 3756 2439 3798 non
2488 3734 2789 3818 expediat
2832 3734 3074 3798 talibus

522 3863 637 3925 pro
694 3840 1161 3920 absolutionis5
1215 3840 1518 3905 benefitio
1575 3847 1642 3904 et
1696 3839 2197 3924 dispensationis
2252 3842 2465 3923 gratia
2523 3840 2889 3906 obtinendis
2948 3841 3073 3905 dis-

524 3969 802 4029 currere,
835 3970 916 4012 ne
954 3948 1053 4012 vel
1087 3948 1179 4012 eis
1213 3947 1402 4012 detur
1431 3946 1709 4030 vagandi
1742 3949 2015 4013 materia
2044 3949 2145 4014 vel
2177 3949 2325 4031 alijs
2358 3955 2582 4014 contra
2611 3951 2788 4033 ipsos
2821 3949 3073 4012 occasio

524 4056 989 4136 murmurandi,
1036 4054 1372 4137 providere
1420 4076 1614 4138 super
1671 4054 1793 4119 hoc
1848 4056 2350 4121 misericorditer
2404 4056 2838 4139 dignaremur.
2943 4055 3072 4119 Nos

524 4164 724 4245 igitur
779 4162 857 4226 de
912 4161 1298 4227 discretione
1352 4169 1568 4226 vestra
1613 4163 1873 4246 plenam
1920 4164 1986 4226 in
2036 4162 2292 4228 domino
2340 4163 2641 4229 fiduciam
2691 4164 3073 4241 obtinentes,

526 4270 919 4334 fraternitati
973 4276 1184 4333 vestre
1245 4290 1360 4352 per
1413 4269 1773 4353 apostolica
1838 4271 2080 4353 scripta
2135 4271 2567 4352 mandamus,
2597 4272 2903 4354 quatinus
2950 4270 3072 4332 sin-

528 4376 661 4457 guli
707 4384 991 4441 vestrum
1039 4378 1106 4440 in
1152 4377 1429 4460 proprijs
1479 4376 1860 4460 dyocesibus
1893 4375 2203 4441 fratribus
2251 4378 2492 4442 ordinis
2540 4378 2893 4461 supradicti
2933 4397 3072 4440 con-

710 4575 726 4605 ¹
765 4573 1000 4629 Hdschr.
1037 4576 1241 4630 ionum.
1411 4574 1432 4604 ²
1469 4574 1577 4626 Am
1614 4574 1771 4627 Ende
1808 4575 1907 4628 der
1943 4575 2430 4645 vorhergehenden
2467 4575 2629 4630 Zeile.
2792 4576 2814 4606 ³
2849 4572 3072 4628 Hdschr.

533 4665 912 4733 promiserunt.
1032 4664 1054 4694 ⁴
1079 4662 1394 4717 Irrtiimlich
1420 4662 1757 4718 wiederholt.
1879 4666 1899 4695 5
1924 4664 2158 4719 Hdschr.
2186 4665 2325 4720 ibus.
2435 4665 2458 4697 Β
2481 4664 2714 4718 Hdschr.
2742 4665 3072 4719 deberemus.
