3242 5184
1229 303 1719 365 —219—

126 499 369 542 cause
411 483 725 543 constare
757 478 837 544 de
869 479 1198 560 mandato,
1233 485 1299 543 et
1330 478 1489 543 illud
1523 478 1719 543 debet
1749 499 1967 544 coram
2000 499 2075 543 eo
2095 477 2364 561 produci
2396 483 2463 541 et
2492 477 2560 540 in
2593 477 2755 540 actis

130 606 373 650 cause
434 585 795 667 registrari.
890 585 960 651 Si
1007 592 1226 652 autem
1267 588 1713 652 committatur
1749 605 1947 650 causa
1978 606 2125 649 cum
2155 589 2482 667 potestate
2513 583 2757 648 citandi

130 697 363 757 extra
405 693 683 774 curiam,
722 713 852 757 non
900 692 1220 776 obstante,
1271 693 1444 777 quod
1489 694 1557 757 in
1602 693 1722 758 tali
1763 692 2213 758 commissione
2243 691 2518 756 forsitan
2550 691 2757 755 eciam

135 820 380 864 causa
423 798 895 882 appellacionis
935 799 1018 864 ad
1052 800 1270 866 sedem
1302 801 1728 884 apostolicam
1745 800 2131 882 interposita
2161 804 2277 863 aut
2305 800 2373 862 in
2401 797 2755 881 prophanis

134 906 399 971 causis
442 905 823 989 plerumque
856 907 950 971 sic
969 908 1056 972 sit
1075 908 1508 989 commissum,
1541 906 1998 972 nichilominus
2031 904 2290 971 auditor
2321 926 2515 970 cause
2546 904 2629 969 ad
2660 905 2755 968 in-

138 1014 514 1078 stanciam
545 1013 926 1096 principalis
972 1015 1386 1097 impetrantis
1418 1015 1728 1079 decernat
1757 1014 2141 1079 citacionem
2174 1012 2255 1077 ad
2287 1017 2505 1095 partes
2536 1012 2755 1076 huius·

137 1119 348 1185 modi
398 1119 649 1203 ubique
689 1120 978 1186 locorum
1018 1127 1133 1186 aut
1169 1123 1236 1186 in
1263 1121 1521 1204 palacio
1551 1142 1666 1186 seu
1696 1122 1763 1185 in
1795 1121 1933 1186 eius
1965 1120 2255 1203 hospicio
2294 1126 2408 1184 aut
2434 1119 2563 1184 alio
2581 1119 2753 1200 1000,

143 1228 218 1291 in
268 1227 484 1291 curia
522 1226 821 1303 Romana
859 1227 1217 1293 dumtaxat.
1283 1226 1410 1294 Sed
1452 1234 1682 1293 caveat
1720 1227 1978 1292 auditor
2021 1226 2389 1292 huiusmodi
2427 1247 2640 1306 cause,
2674 1247 2755 1289 ne

148 1333 610 1417 aliquomodo
631 1333 715 1398 ad
735 1335 1124 1399 instanciam
1143 1336 1580 1419 procuratoris
1601 1335 2571 1418 impetrantis}'commissionem
2597 1333 2754 1397 cita-
2925 1332 3044 1385 Fol.

147 1442 443 1506 cionem
476 1441 673 1505 talem
720 1447 903 1506 extra
950 1441 1222 1507 eandem
1269 1444 1514 1507 curiam
1562 1443 1944 1523 committat,
1992 1423 2119 1506 nisi
2165 1442 2344 1523 pr'ius
2390 1439 2563 1504 idem
2608 1461 2754 1522 pro·
2794 1420 3181 1541 OCXXYIIlb

151 1554 456 1612 curator
485 1547 565 1613 de
597 1548 802 1631 ipsius
836 1547 1183 1613 sufficienti
1214 1541 1521 1614 mandato
1556 1549 1804 1631 doceat,
1827 1548 2001 1631 quod
2031 1550 2100 1613 in
2127 1549 2292 1613 actis
2313 1567 2507 1612 cause
2537 1547 2758 1612 taliter
2882 1512 3008 1577 (254
3049 1511 3086 1575 ⁶)

150 1655 534 1721 commisse
568 1655 970 1738 registretur.
1064 1655 1317 1721 Poterit
1362 1658 1568 1721 eciam
1612 1655 1787 1721 idem
1835 1656 2095 1721 auditor
2134 1655 2356 1720 statim
2393 1653 2755 1737 compulso-

152 1762 341 1826 riam
374 1760 484 1826 vel
521 1761 1005 1827 intimacionem
1033 1764 1504 1828 commissionis
1534 1749 1881 1849 decernere
1905 1768 2099 1826 extra
2131 1756 2372 1826 dictam
2403 1761 2669 1842 curiam,
2696 1760 2755 1844 111

154 1868 281 1933 sed
335 1869 415 1932 in
464 1868 821 1934 continenti
866 1868 1162 1935 inhibere
1207 1891 1336 1935 non
1384 1870 1579 1937 debet
1623 1871 1690 1934 in
1738 1867 2223 1935 beneficialibus
2270 1888 2386 1932 seu
2433 1867 2753 1932 similibus

147 1975 422 2040 ‘causis
516 1974 685 2040 Item
741 1976 795 2040 si
850 1976 1083 2042 citacio
1139 1976 1527 2043 decernatur
1579 2000 1696 2060 per
1752 1976 2053 2058 edictum,
2114 1974 2374 2039 auditor
2417 1995 2613 2039 cause
2657 1995 2756 2038 re-

160 2082 388 2164 cipiat
445 2087 646 2147 testes
703 2103 898 2165 super
951 2083 1238 2165 infamia,
1288 2084 1368 2150 de
1415 2107 1547 2167 qua
1592 2086 1660 2149 in
1708 2084 2179 2163 commissione,
2229 2101 2424 2164 super
2469 2102 2600 2162 qua
2646 2079 2754 2145 de-

164 2190 495 2270 cernitur,
551 2187 628 2254 fit
670 2190 943 2273 menci0,
1003 2200 1070 2256 et
1113 2192 1387 2274 recipiat
1429 2192 1799 2257 huiusmodi
1854 2195 2056 2255 testes
2104 2195 2170 2253 et
2214 2188 2644 2272 personaliter
2689 2193 2756 2252 et

164 2297 487 2377 maxi-me,
538 2297 594 2360 si
641 2297 873 2363 citacio
920 2297 1279 2380 personalis
1326 2300 1431 2381 sit,
1480 2320 1626 2364 cum
1675 2319 1869 2382 cause
1914 2297 2168 2361 notario
2217 2294 2633 2361 examinabit.

359 2402 603 2467 Restat
637 2425 811 2468 nunc
846 2403 1060 2470 dicere
1094 2406 1266 2471 circa
1297 2406 1823 2472 observacionem
1854 2403 2276 2469 terminorum
2308 2403 2489 2468 iuxta
2534 2404 2756 2468 stilum

172 2507 340 2575 dicti
399 2509 635 2592 palacij
698 2510 766 2574 in
822 2513 1035 2576 causis
1091 2512 1363 2595 singulis
1420 2514 1856 2593 inventorum,
1915 2517 1981 2575 et
2025 2510 2233 2593 primo
2280 2511 2437 2592 quid
2486 2515 2551 2575 et
2598 2530 2753 2593 qua-

170 2613 333 2681 liter
403 2616 492 2681 sit
552 2616 922 2681 faciendum
986 2619 1053 2682 in
1118 2621 1332 2684 causis
1398 2619 1482 2684 ad
1544 2618 1787 2683 dictam
1843 2619 2090 2682 curiam
2136 2616 2473 2683 devolutis.
2568 2617 2756 2682 Circa

175 2724 359 2805 quod
417 2723 811 2805 notandum,
870 2725 1053 2822 ’quod
1118 2748 1248 2791 non
1312 2727 1530 2791 multis
1594 2726 1938 2791 retroactis
2013 2722 2414 2807 temporibus
2478 2726 2546 2788 in
2609 2731 2756 2789 rota

175 2828 523 2896 observari
556 2832 908 2913 consuevit,
958 2838 1025 2896 et
1069 2855 1172 2898 me
1233 2835 1439 2898 eciam
1483 2833 1640 2899 licet
1683 2832 1948 2916 indigno
1995 2839 2149 2897 tunc
2196 2830 2597 2915 aliquamdiu
2639 2853 2754 2896 no-

176 2939 352 3002 tario
421 2936 579 3002 dicti
640 2938 873 3023 palacij
943 2940 1287 3022 existente,
1346 2946 1412 3006 et
1464 2940 1588 3006 hoc
1642 2946 1935 3024 tempore
1999 2937 2206 3004 felicis
2277 2937 2753 3003 recordacionis

175 3042 440 3109 Urbani
484 3042 563 3108 V.
612 3051 679 3109 et
725 3045 1020 3129 Gregorij
1061 3045 1181 3111 XI.
1233 3069 1630 3113 summorum
1674 3046 2073 3131 pontificum,
2122 3044 2316 3127 quod,
2365 3066 2511 3109 cum
2558 3067 2757 3111 causa

184 3149 657 3234 appellacionis
716 3152 800 3216 ad
866 3152 1087 3218 sedem
1141 3155 1502 3237 predictam
1557 3154 1862 3220 devoluta
1917 3152 2419 3218 comittebatu'r2
2473 3152 2756 3218 auditori

184 3257 425 3340 alicui,
482 3263 670 3340 tunc,
738 3265 992 3325 servato
1052 3261 1328 3327 termino
1394 3263 1476 3327 ad
1543 3258 1887 3326 dicendum
1943 3267 2170 3325 contra
2216 3258 2754 3341 commissionem,

184 3370 338 3447 post
397 3365 826 3430 servabantur
871 3365 1065 3431 ΙῙΠ(π
1110 3369 1370 3433 termini
1416 3391 1533 3452 per
1593 3367 2001 3433 audienciam
2066 3364 2615 3431 contradictarum
2671 3365 2754 3431 ad

183 3470 687 3555 procedendum,
735 3478 930 3557 prout
967 3472 1045 3538 de
1092 3474 1260 3556 iure,
1310 3481 1376 3539 et
1420 3474 1575 3540 licet
1620 3476 1881 3541 termini
1926 3473 2297 3538 huiusmodi
2342 3470 2517 3537 tres3
2563 3472 2753 3537 suffe-

186 3578 459 3661 cissent,
517 3585 736 3644 tamen
795 3587 1032 3663 quarta
1078 3581 1310 3646 citacio
1369 3603 1448 3646 ex
1506 3581 2110 3665 superhabundanti
2155 3579 2375 3645 fiebat.
2465 3580 2556 3646 Et
2599 3580 2753 3645 dum

183 3682 557 3751 huiusmodi
605 3690 877 3769 quartus
924 3687 1238 3751 terminus
1288 3696 1686 3771 servaretur,
1737 3687 2294 3773 producebantur4
2329 3710 2447 3772 per
2499 3694 2753 3773 partem

186 3791 624 3875 appellantem
675 3814 790 3858 seu
828 3792 1340 3876 appellacionem
1376 3804 1878 3880 prosequentem
1917 3796 2062 3859 iura
2097 3794 2413 3860 faciencia
2460 3795 2542 3859 ad
2581 3795 2753 3860 dicte

189 3917 381 3962 cause
446 3898 950 3965 devolucionem.
1065 3899 1316 3983 Quibus
1381 3903 1717 3985 productis
1784 3903 2044 3968 auditor
2109 3901 2306 3967 aliam
2372 3902 2754 3967 citacionem

185 4023 302 4084 per
365 4005 770 4072 audienciam
837 4006 1122 4073 decrevit
1184 4008 1270 4074 ad
1325 4008 1673 4075 dicendum
1731 4016 1957 4075 contra
2002 4008 2371 4074 huiusmodi
2417 4009 2751 4093 producta,

187 4116 253 4175 et
314 4111 467 4176 dum
533 4119 878 4179 accusatur
942 4116 1352 4181 contumacia
1413 4116 1621 4200 partis
1696 4138 1826 4182 non
1890 4117 2167 4182 dicentis
2234 4115 2461 4180 contra
2525 4115 2763 4181 eadem-

186 4218 518 4302 producta,
576 4242 729 4304 pars
786 4241 1102 4286 accusans
1155 4222 1324 4306 petit
1368 4212 1783 4306 prbnunciari
1839 4245 2104 4288 causam
2161 4222 2621 4306 appellacionis
2670 4222 2752 4287 ad

191 4325 458 4391 eandem
506 4328 753 4393 curiam
808 4327 946 4393 fore
1009 4328 1380 4394 devolutam
1440 4335 1507 4394 et
1560 4331 1629 4394 in
1668 4351 1746 4395 ea
1791 4330 2064 4395 tractari
2111 4328 2368 4395 debere.
2461 4328 2553 4394 Et
2597 4336 2752 4394 tunc

357 4577 376 4608 ¹
413 4576 554 4633 Hier
590 4578 828 4650 beginnt
861 4579 951 4633 die
986 4578 1180 4634 zwcite
1215 4578 1402 4634 Hand.
1583 4579 1606 4612 ²
1642 4579 1760 4635 Vor
1796 4579 2038 4634 auditori
2075 4582 2149 4634 ist
2182 4579 2290 4634 sibi
2327 4579 2501 4633 durch
2537 4578 2740 4637 Unter·

185 4663 444 4720 streichen
480 4665 695 4738 getilgt.
848 4665 872 4698 ³
906 4653 1064 4722 Uber
1098 4666 1196 4722 der
1227 4665 1378 4723 Zeile
1413 4667 1841 4740 nachgetragen.
1987 4666 2012 4699 ⁴
2046 4666 2282 4723 Hdschr.
2320 4667 2745 4739 producebatur.
