3242 5184
1250 266 1738 328 -195--

211 439 592 505 informatio
638 447 753 505 aut
796 442 1312 525 procuratorium
1357 439 1727 505 huiusmodi
1755 441 2052 521 mittitur,
2101 441 2442 504 restituere
2473 445 2772 505 teneatur

211 553 274 612 et
315 547 557 612 eadem
605 548 935 612 audientia
978 569 1095 631 per
1140 548 1329 612 anni1
1375 548 1658 630 spatium
1702 548 1790 611 sit
1830 547 2139 629 privatus,

382 653 588 737 Quod
618 654 833 719 nullus
866 654 1238 719 eorumdem
1266 661 1759 737 procuratorum
1790 659 2009 718 teneat
2035 654 2293 736 publice
2325 653 2768 719 concubinam.

209 759 395 842 Quod
446 762 509 825 si
559 760 814 843 fecerit,
864 760 947 825 ad
992 761 1471 844 impetrandum
1518 768 1584 826 et
1639 760 2210 826 contradicendum
2261 760 2364 824 ve'l
2420 760 2771 844 petendum

205 868 449 933 salaria
500 890 627 932 sua
673 868 752 933 de
800 874 1012 933 cetero
1058 869 1320 933 minime
1368 869 1766 933 admittatur.
1844 868 1934 932 Et
1978 869 2033 932 si
2078 869 2190 951 qui
2235 869 2367 932 sint
2408 889 2580 932 nunc
2622 868 2769 932 illas

202 974 566 1059 habenteS,
631 976 760 1041 nisi
803 975 972 1040 infra
1016 974 1185 1040 VIII
1232 975 1367 1040 dies
1415 998 1455 1040 a
1499 975 1937 1060 publicatione
1984 976 2301 1058 presentis
2348 974 2769 1040 ordinationis

203 1103 309 1146 eas
345 1082 747 1164 dimiserint,
795 1083 942 1147 illas
976 1083 1116 1147 vel2
1148 1084 1308 1147 alias
1341 1084 1604 1148 minime
1637 1083 2050 1166 resumpturi,
2100 1088 2165 1147 et
2197 1082 2497 1165 deinceps
2542 1082 2640 1147 illi
2669 1084 2771 1148 vel

202 1189 306 1273 aiij
358 1192 622 1274 reperti
666 1191 907 1255 fuerint
950 1190 1236 1272 aliquam
1280 1191 1383 1255 vel
1429 1192 1680 1272 aliquas
1727 1196 1947 1254 tenere
1993 1189 2271 1273 publice,
2319 1195 2393 1253 ut
2426 1189 2770 1274 prefertur,

199 1303 422 1378 preter
455 1319 699 1380 penam
730 1297 1089 1380 predictam
1119 1297 1278 1361 locis
1311 1298 1444 1362 suis
1491 1299 1559 1362 in
1605 1297 1936 1362 audientia
1979 1303 2293 1380 perpetuo
2341 1298 2471 1362 sint
2514 1300 2771 1381 privati.

379 1403 585 1486 Quod
638 1404 854 1467 nullus
909 1404 1230 1468 malitiose
1288 1405 1572 1487 aliquam
1624 1405 1909 1468 litteram
1965 1405 2242 1485 gratiam
2295 1404 2396 1470 vel
2458 1406 2774 1470 iustitiam

199 1513 651 1577 continentem
669 1511 694 1549 3
726 1511 804 1576 de
837 1510 1223 1575 cancellaria
1254 1533 1370 1576 3011
1402 1511 1734 1576 audientia
1763 1512 2125 1575 litterarum
2159 1516 2273 1574 aut
2293 1510 2586 1576 domibus
2618 1512 2773 1577 dicti

199 1618 529 1683 auditoris
570 1618 1134 1700 contradictarum,
1168 1619 1570 1701 correctoris,
1616 1617 2136 1700 rescribendarij,
2188 1618 2625 1683 distributoris
2672 1620 2772 1684 vel

198 1724 611 1791 bullatorum
675 1747 789 1789 seu
851 1727 1342 1808 registratorum
1407 1733 1521 1790 aut
1596 1726 2120 1790 abbreviatorum
2196 1746 2311 1788 seu
2386 1727 2773 1810 scriptorum

199 1831 452 1897 directe
510 1832 614 1896 vel
669 1832 1001 1914 indirecte,
1060 1838 1358 1915 patenter
1409 1832 1513 1897 vel
1567 1832 1848 1896 latenter
1901 1832 2192 1914 recipiat.
2239 1873 2243 1878 -
2285 1832 2374 1897 Et
2425 1833 2548 1897 1100
2601 1834 2774 1898 idem

201 1938 277 2003 de
332 1941 840 2020 monitionibUS,
900 1938 1521 2019 denuntiationibUS,
1588 1939 2012 2003 citacionibus
2046 1943 2069 2022 Η
2104 1944 2170 2002 et
2233 1939 2562 2021 quibusvis
2628 1941 2773 2025 alijs

200 2048 571 2130 scripturiS,
607 2067 731 2128 que
763 2047 1067 2128 leguntur
1098 2052 1164 2110 et
1206 2045 1334 2128 legi
1381 2052 1851 2110 consueverunt
1886 2046 1951 2108 in
2001 2045 2332 2110 audientia
2377 2047 2771 2130 supradicta,

204 2152 280 2216 de
339 2155 684 2219 audientia
741 2153 843 2218 vel
895 2152 1283 2217 cancellaria
1342 2152 1611 2235 prefatis
1670 2152 2032 2233 maliciose,
2105 2157 2178 2216 ut
2229 2152 2582 2236 prefertur,
2643 2177 2770 2218 non

198 2260 624 2344 recipiendiS,
666 2261 861 2324 simili
893 2280 1150 2342 quoque
1197 2259 1387 2324 modo
1436 2260 1515 2323 de
1561 2258 1984 2341 petitionibus
2033 2259 2305 2340 signatis
2345 2265 2412 2323 et
2441 2261 2771 2343 signandis

202 2386 241 2428 a
286 2368 487 2433 nobis
534 2368 636 2432 vel
684 2367 762 2432 de
794 2367 1099 2431 mandato
1131 2373 1354 2431 nostro
1388 2372 1502 2430 aut
1535 2388 1655 2449 per
1689 2365 2287 2430 vicecancellarium
2326 2365 2405 2430 de
2441 2368 2585 2449 ipsa
2623 2389 2772 2431 can-

201 2473 479 2539 cellaria
525 2475 627 2539 vel
673 2475 970 2539 domibus
1019 2473 1539 2539 abbreviatorum
1586 2474 1719 2537 sive
1767 2474 2155 2556 scriptorum
2202 2473 2571 2538 eorumdem
2627 2495 2773 2537 cum

200 2583 376 2646 notis
418 2583 524 2646 vel
563 2581 808 2663 absque
846 2583 1016 2645 notis
1056 2602 1136 2645 ex
1173 2582 1265 2645 eis
1303 2580 1596 2645 formatis
1638 2602 1752 2644 seu
1783 2579 2136 2645 formandis
2168 2581 2431 2644 minime
2460 2581 2773 2663 recipien-

200 2686 334 2771 dis,
391 2695 472 2753 ut
516 2690 948 2772 pretangitur,
1000 2688 1329 2752 observari
1376 2688 1720 2751 statuimus
1769 2693 1834 2751 et
1880 2688 2076 2751 etiam
2103 2686 2518 2752 ordinamus,
2610 2685 2772 2752 Con-

198 2797 488 2860 trarium
533 2817 683 2860 vero
738 2796 980 2860 faciens
1029 2816 1103 2859 eo
1150 2796 1291 2877 ipso
1343 2795 2023 2879 excommunicationis
2063 2795 2380 2859 sententie
2419 2816 2488 2859 se
2524 2795 2775 2859 noverit

200 2902 582 2985 subiacere,
640 2924 680 2967 a
718 2924 874 2985 qua,
932 2903 1058 2966 nisi
1094 2923 1211 2984 per
1247 2924 1363 2966 nos
1401 2901 1504 2965 vel
1548 2900 1910 2983 predictum
1957 2902 2585 2984 vicecancellarium,
2642 2924 2772 2967 non

199 3013 438 3092 possit,
476 3010 604 3073 nisi
640 3010 707 3073 in
744 3008 1030 3091 periculo
1068 3010 1294 3074 mortis
1333 3009 1743 3090 constitutuS,
1784 3009 2051 3073 absolvi.

385 3117 481 3182 Et
512 3117 709 3181 etiam
742 3117 797 3180 si
827 3122 1210 3197 procurator
1241 3117 1480 3180 existat
1508 3115 1721 3180 locum
1767 3116 1835 3178 in
1882 3116 2215 3180 audientia
2259 3117 2404 3200 ipsa
2450 3116 2768 3198 obtinens,

204 3223 444 3288 eadem
490 3221 823 3286 audientia
869 3228 1181 3304 perpetuo
1229 3224 1315 3286 sit
1359 3223 1649 3304 privatus
1697 3228 1763 3286 et
1794 3223 2162 3309 assignetur
2190 3221 2559 3286 huiusmodi
2589 3222 2769 3287 locus

206 3351 366 3395 suus
419 3330 626 3394 alteri.
721 3326 1021 3393 Ceterum
1069 3328 1411 3392 statuimus
1471 3335 1536 3392 et
1582 3329 1983 3411 ordinamUS,
2043 3328 2216 3412 quod
2261 3328 2509 3411 nulluS,
2560 3331 2769 3394 cuius-

205 3458 466 3521 cunque
514 3435 906 3500 condicionis
963 3441 1078 3499 aut
1124 3440 1330 3499 status
1391 3436 1660 3518 existat,
1717 3437 1842 3500 nisi
1898 3435 2465 3500 vicecancellarius
2511 3436 2613 3501 vel
2659 3438 2770 3519 qui

207 3563 410 3628 super
453 3544 576 3608 hoc
622 3564 662 3606 a
706 3542 893 3606 nobis
940 3542 1043 3606 vel
1088 3543 1171 3606 ab
1226 3543 1367 3624 ipso
1423 3543 1950 3607 vicecancellario
2007 3542 2248 3607 fuerint
2306 3542 2636 3626 deputati,
2702 3544 2770 3606 in

204 3648 446 3717 litteris
493 3650 730 3716 nostris
781 3649 1043 3713 bullatis
1091 3650 1193 3713 vel
1237 3651 1303 3713 in
1350 3650 1772 3732 petitionibus
1820 3671 1935 3714 seu
1982 3651 2150 3715 notis
2195 3650 2560 3714 litterarum
2615 3671 2768 3732 apo-

210 3758 626 3837 stolicarum,
692 3762 1038 3839 postquam
1101 3758 1447 3839 petitiones
1505 3777 1619 3820 seu
1676 3762 1826 3821 note
1884 3757 2252 3821 huiusmodi
2306 3778 2423 3840 per
2480 3779 2597 3821 nos
2654 3777 2769 3820 seu

210 3861 457 3928 dictum
487 3863 1084 3928 vicecancellarium
1115 3863 1216 3927 vel
1249 3863 1412 3928 alias
1446 3863 1524 3928 de
1562 3863 1869 3929 mandato
1915 3871 2138 3930 nostro
2183 3864 2285 3928 vel
2332 3885 2446 3928 suo
2494 3865 2765 3945 signate,

209 3989 331 4034 nec
364 3971 561 4035 etiam
591 3971 658 4033 in
706 3969 893 4034 dictis
940 3971 1172 4034 litteris
1221 3972 1419 4035 etiam
1463 3993 1592 4034 non
1640 3970 1926 4051 bullatis,
1975 3977 2321 4054 postquam
2368 3975 2663 4053 grossate
2703 3981 2768 4034 et

209 4083 456 4158 nostr0,
489 4082 683 4158 prout
715 4079 1029 4159 contingit
1057 4076 1399 4158 interdum,
1435 4077 1533 4141 vel
1567 4076 1724 4141 dicti
1755 4077 2261 4160 vicecancellarij
2300 4078 2483 4159 signo
2517 4078 2767 4159 signate

211 4180 472 4265 fuerint,
520 4189 634 4246 aut
669 4184 736 4246 in
773 4184 942 4247 notis
981 4184 1344 4248 litterarum
1385 4184 1904 4266 apostolicarum,
1954 4206 2079 4267 que
2110 4206 2227 4267 per
2259 4206 2551 4249 cameras
2584 4189 2767 4247 nota-

211 4289 455 4353 riorum
486 4296 855 4354 nostrorum
900 4297 1258 4372 transeunt,
1307 4311 1423 4354 seu
1466 4291 1534 4353 in
1577 4292 1737 4374 ipsis
1781 4292 2015 4356 litteris
2064 4293 2260 4357 etiam
2306 4313 2436 4355 non
2481 4289 2765 4371 bullatis,

213 4402 559 4478 postquam
604 4403 755 4461 note
802 4396 905 4461 vel
947 4397 1162 4461 littere
1199 4398 1337 4480 ipse
1375 4417 1491 4480 per
1526 4398 1813 4463 notarios
1852 4399 2112 4463 eosdem
2148 4399 2251 4463 vel
2282 4397 2768 4463 abbreviatores

396 4628 414 4659 ²
452 4628 713 4683 Hdschr.:
755 4646 978 4682 annum.
1115 4629 1135 4660 ²
1174 4629 1405 4683 Hdschr.
1437 4647 1517 4684 ve.
1655 4630 1675 4661 ⁸
1715 4630 1868 4684 Nach
1895 4633 2266 4686 continentem
2305 4633 2376 4686 ist
2414 4629 2509 4684 sed
2548 4628 2764 4700 getilgt.

2239 4722 2338 4773 13*

2828 1955 2947 2011 Fol.
2971 1960 3069 2009 102
3085 1956 3125 2009 b.
