3242 5184
1195 300 1684 363 -161—

195 500 321 542 cum
374 476 638 542 consilio
694 482 913 542 tamen
973 476 1420 542 coauditorum
1479 476 1800 540 dictorum
1860 464 1938 539 ad
2004 494 2227 539 earum
2284 473 2712 556 prolationem

193 585 376 667 possit
417 583 786 667 procedere,
833 590 1028 666 prout
1071 582 1386 647 hactenus
1436 583 1653 647 extitit
1708 584 1774 646 in
1829 582 2074 665 palatio
2129 580 2548 645 laudabiliter
2601 579 2713 643 ob-

195 697 512 755 servatum.

345 797 510 862 Item
556 797 730 879 quod
785 797 1045 862 auditor
1088 796 1396 879 referenS,
1442 796 1619 862 facta
1662 795 1979 860 relatione
2025 794 2510 859 coauditoribus
2559 795 2713 875 suis,

192 905 438 968 consilia
499 903 869 969 eorumdem
929 903 1376 968 coauditorum
1434 903 1602 968 infra
1662 902 2001 968 duodecim
2062 901 2310 965 dierum
2367 901 2714 965 terminum

191 1011 511 1094 diligenter
539 1012 870 1093 requirere
902 1017 967 1074 et
998 1012 1244 1076 eisdem
1276 1010 1561 1093 consilijs
1592 1009 1837 1075 habitis
1878 1009 2085 1074 dictas
2134 1029 2364 1073 causas
2411 1007 2715 1090 expedire

190 1125 245 1182 et
281 1120 625 1183 terminare
670 1118 966 1182 celeriter
1010 1124 1330 1183 teneatur.

349 1231 373 1310 ΙΙ
395 1225 565 1290 Item
622 1224 795 1306 quod
850 1225 1123 1306 quilibet
1168 1225 1484 1290 dictorum
1532 1224 1898 1289 auditorum
1944 1224 2231 1288 notarios
2263 1222 2717 1303 intelligenteS,

187 1331 388 1396 fideles
439 1339 506 1397 et
548 1331 854 1396 honestos
901 1331 1168 1413 habeat,
1226 1334 1319 1396 ita
1378 1331 1551 1414 quod
1607 1338 1886 1414 quatuor
1932 1331 2333 1394 notariorum
2379 1349 2718 1392 numerum

186 1459 298 1502 non
342 1438 632 1503 excedat.
657 1438 678 1476 ¹
756 1435 882 1519 Qui
935 1438 1254 1519 siquidem
1308 1439 1541 1522 notarij
1596 1460 1715 1521 per
1765 1459 1834 1501 se
1883 1443 1948 1501 et
1979 1459 2108 1500 non
2139 1457 2257 1519 per
2289 1436 2451 1500 alios
2499 1456 2717 1499 coram

186 1545 574 1610 auditoribus
639 1545 798 1627 ipsis
864 1565 1094 1608 causas
1160 1544 1448 1609 scribant
1510 1566 1631 1608 nec
1696 1544 1853 1608 dicti
1917 1543 2247 1607 auditores
2314 1544 2722 1606 committant

185 1652 546 1717 scribendas
608 1651 801 1715 alicui
860 1653 1049 1716 alteri
1105 1653 1359 1716 notario
1418 1672 1649 1716 causas
1712 1651 2088 1714 commissas
2151 1650 2393 1714 eisdem
2439 1671 2559 1714 nec
2607 1648 2719 1712 ali-

186 1760 315 1840 quis
363 1759 684 1823 dictorum
732 1757 1098 1823 auditorum
1145 1778 1537 1840 quemquam
1594 1759 1663 1821 in
1718 1758 2043 1821 notarium
2101 1758 2402 1840 recipiat,
2465 1757 2586 1838 qui‘
2638 1756 2724 1819 sit

186 1864 440 1930 alterius
488 1865 780 1929 notarius
830 1864 1165 1928 auditoris

344 1971 517 2036 Item
564 1972 736 2053 quod
782 1970 1018 2054 prefati
1065 1971 1392 2035 auditores
1441 1970 1824 2054 provideant
1872 1971 2232 2053 diligenter,
2279 1970 2453 2052 quod
2500 1990 2723 2033 eorum

184 2080 401 2162 notarij
465 2099 662 2161 super
712 2079 1004 2160 ipsorum
1058 2079 1425 2161 receptione
1481 2078 1699 2161 salarij
1759 2101 1885 2143 non
1944 2078 2260 2143 excedant
2313 2098 2433 2140 nec
2478 2075 2723 2158 aliquid

186 2184 344 2249 ultra
386 2186 735 2269 recipiant,
801 2186 926 2248 nisi
971 2191 1165 2267 prout
1211 2191 1310 2249 est
1361 2184 1531 2248 infra
1585 2184 1993 2265 distinctum,
2059 2190 2349 2248 taxatum
2409 2189 2474 2247 et
2528 2183 2724 2247 etiam

186 2291 562 2357 ordinatum.

347 2398 517 2464 Item
538 2406 564 2443 2
621 2398 795 2480 quod
861 2398 916 2461 si
982 2397 1184 2481 aliqui
1248 2399 1379 2463 sint
1438 2399 1539 2463 vel
1604 2396 1882 2478 fuerint,
1949 2399 2062 2480 qui
2127 2397 2210 2461 ob
2273 2401 2726 2480 paupertatem

183 2513 502 2588 nequeant
561 2513 707 2570 acta
763 2505 1079 2588 redimere
1139 2527 1253 2570 8110
1301 2526 1526 2586 cause,
1574 2506 1701 2587 ipsi
1749 2505 2076 2569 auditores
2139 2526 2290 2568 suos
2338 2502 2730 2586 compellant

185 2616 461 2677 notarios
523 2613 878 2677 scribentes
936 2614 1002 2675 in
1063 2614 1224 2676 actis
1283 2613 1527 2677 eisdem
1586 2611 1669 2676 ad
1727 2611 2196 2676 restituendum
2259 2612 2460 2692 gratis
2505 2610 2726 2674 huius-

186 2719 346 2783 modi
395 2725 688 2784 actorum
735 2720 986 2801 copiam
1032 2721 1204 2801 parti
1260 2720 1539 2800 solvere,
1598 2726 1675 2782 ut
1729 2720 2158 2802 premittitur,
2225 2719 2609 2799 nequeunti,
2674 2717 2729 2779 si

185 2826 461 2890 auditori
507 2846 700 2890 cause
745 2825 921 2889 illius
966 2832 1316 2908 paupertas
1363 2824 1670 2890 notabilis
1716 2825 2031 2890 videatur.

349 2933 522 2997 Item
569 2932 742 3014 quod
788 2933 1005 2996 nullus
1055 2932 1423 2997 eorumdem
1472 2932 1841 2997 auditorum
1887 2934 1954 2996 in
2002 2934 2245 3014 causis,
2294 2953 2419 3014 que
2468 2937 2619 2995 sunt
2662 2932 2728 2994 in

183 3037 344 3104 dicto
398 3039 640 3122 palatio
686 3039 788 3103 vel
832 3041 898 3102 in
955 3039 1135 3103 brevi
1182 3045 1526 3122 sperantur
1573 3041 1878 3121 existere,
1946 3039 2286 3104 consilium
2332 3060 2452 3102 nec
2498 3059 2615 3121 per
2660 3058 2730 3101 80

183 3166 294 3209 nec
337 3167 459 3230 per
488 3147 936 3228 interpositam
968 3167 1313 3228 personam
1343 3146 1639 3228 partibus
1672 3147 1943 3231 prebeat
1971 3166 2181 3227 neque
2214 3145 2478 3226 aliquod
2514 3151 2730 3228 patro-

184 3252 420 3316 cinium
465 3258 728 3334 prestet,
776 3253 904 3315 nisi
950 3274 1143 3316 cause
1191 3254 1450 3335 proprie
1496 3253 1595 3316 vel
1630 3275 1892 3317 suorum
1926 3273 2134 3334 usque
2166 3251 2248 3316 ad
2281 3253 2542 3316 tertium
2584 3273 2730 3315 con-

187 3360 633 3445 sanguinitatis
680 3360 780 3423 vel
814 3359 1219 3424 dominorum
1253 3366 1367 3424 aut
1397 3358 1812 3424 familiarium
1845 3380 2110 3422 suorum
2143 3378 2258 3422 seu
2291 3359 2732 3438 ecclesiarum,

186 3463 246 3527 in
290 3466 532 3547 quibus
578 3465 997 3530 beneficiatus
1046 3466 1232 3547 foret,
1273 3466 1642 3545 existerent,
1692 3472 1757 3530 et
1801 3467 1867 3528 in
1914 3467 2247 3548 premissis
2295 3466 2540 3530 ultimis
2573 3467 2734 3530 casi-

187 3569 299 3634 bus
363 3572 447 3636 ad
507 3571 953 3637 coauditorum
1012 3594 1276 3637 suorum
1336 3573 1607 3637 consilia
1664 3573 1927 3636 minime
1974 3572 2386 3653 admittatur,
2434 3572 2736 3654 quodque

188 3675 302 3740 hoc
348 3679 634 3743 revelare
681 3685 996 3761 teneatur,
1047 3681 1102 3744 si
1148 3681 1456 3744 existeret
1499 3679 1567 3743 id
1615 3680 1957 3743 occultum.

358 3784 526 3849 Item
559 3785 730 3867 quod
762 3787 978 3850 nullus
1013 3786 1381 3851 auditorum
1413 3788 1703 3870 ipsorum
1736 3807 1999 3850 causam
2030 3788 2306 3869 recipiat
2325 3785 2735 3865 audiendam,

192 3892 242 3953 si
286 3894 726 3957 committatur
772 3893 1001 3974 eidem,
1050 3894 1117 3956 in
1164 3913 1296 3975 qua
1327 3892 1667 3958 consilium
1707 3892 1978 3974 dederit,
2022 3893 2136 3958 sed
2170 3893 2252 3957 ad
2286 3892 2736 3956 cancellariam

196 3997 398 4079 ipsam
444 4000 870 4064 incontinenti
916 4001 1206 4064 remittat
1252 4000 1438 4065 alteri
1485 4000 2034 4065 committendam.

360 4103 527 4170 Item
593 4106 766 4188 quod
831 4106 1203 4172 eorumdem
1269 4107 1638 4172 auditorum
1704 4107 2002 4188 consilia,
2075 4127 2200 4188 que
2259 4107 2612 4190 prebentur
2675 4108 2741 4170 in

196 4214 420 4295 causis,
470 4213 836 4278 scribantur
880 4235 998 4296 per
1042 4215 1367 4278 notarium
1413 4214 1589 4278 illius
1638 4235 1854 4295 cause,
1901 4215 1967 4277 in
2015 4235 2147 4295 qua
2191 4213 2560 4277 huiusmodi
2593 4234 2741 4277 con-

197 4318 334 4383 silia
365 4320 824 4403 impenduntur
836 4319 880 4401 3,
902 4327 969 4385 01
999 4327 1250 4385 secreta
1281 4342 1627 4385 causarum
1659 4327 1724 4385 et
1754 4320 2171 4385 consiliorum
2204 4320 2574 4384 eorumdem
2607 4326 2742 4383 tam

367 4572 385 4605 ¹
422 4570 655 4626 Hdschr.
682 4571 962 4627 excedant.
1082 4571 1104 4603 ²
1127 4571 1246 4625 Das
1281 4571 1309 4624 I
1347 4588 1459 4627 von
1482 4570 1717 4625 andei-er
1742 4570 2039 4624 HamLmit
2062 4572 2366 4627 schwarzer
2389 4571 2557 4624 Tinte
2581 4570 2745 4623 nach-

199 4666 469 4733 getragen.
531 4661 615 4714 Im
640 4648 891 4732 fibrigcn
929 4661 1029 4714 das
1066 4661 1093 4713 I
1130 4662 1187 4713 in
1224 4661 1365 4714 Item
1403 4665 1538 4714 81018
1574 4666 1676 4715 rot.
1848 4660 1870 4691 ³
1909 4660 2143 4714 Hdschr.
2181 4660 2572 4731 impendentur

297 4768 486 4821 Eunu,
524 4768 694 4810 Theod.
724 4768 781 4809 de
808 4769 968 4821 Nyem.
2256 4755 2314 4802 11

2774 1230 2893 1284 Fol.
2917 1234 2982 1283 83
2996 1239 3033 1282 ⁸.
