3242 5184
188 2694 305 2748 Fol.
348 2699 413 2747 35
426 2702 462 2746 ⁸.

1571 293 2012 355 —64—

513 452 856 517 mutabilia
936 452 1132 516 corda
1209 474 1336 517 non
1412 451 1770 536 approbat,
1847 450 1959 515 sed
2032 452 2248 534 potius
2324 472 2579 516 sacrum
2659 453 3076 536 propositum

514 558 713 624 semel
756 560 1084 642 inceptum
1130 558 1395 641 perduci
1443 558 1583 623 vult
1628 578 1833 640 usque
1880 557 1964 622 ad
2009 556 2203 621 finem
2251 558 2468 624 debite
2516 559 2808 624 actionis
2891 557 3076 640 Quot

513 671 579 730 et
633 666 861 747 quanti
925 665 1045 730 sub
1111 666 1380 731 militari
1435 664 1689 746 cingulo
1747 669 1814 728 et
1869 664 2143 729 clamide
2197 666 2439 730 terreni
2496 666 2747 750 imperij
2809 664 3077 731 domino

510 772 893 855 placuerunt
924 772 1178 854 sibique
1210 770 1584 836 memoriale
1613 775 2000 854 perpetuum
2032 770 2462 853 reliquerunt!
2531 769 2706 853 Quot
2737 777 2803 836 et
2835 773 3071 855 quanti

510 880 577 942 in
624 879 822 944 armis
869 878 1117 943 bellicis
1157 879 1493 944 constituti
1523 900 1642 961 pro
1680 883 2071 944 testamento
2121 877 2224 943 dei
2273 883 2339 943 et
2382 883 2803 961 paternarum
2848 879 3073 962 legum

511 985 882 1051 defensione
930 987 1063 1050 suis
1111 985 1511 1069 temporibus
1558 984 1815 1050 fortiter
1862 985 2254 1050 dimicarunt
2300 992 2499 1068 atque
2535 1007 2767 1050 manus
2799 1005 2957 1050 suas
3003 987 3077 1049 in

512 1094 824 1175 sanguine
869 1091 1227 1158 infidelium
1267 1092 1524 1158 domino
1564 1097 2018 1157 consecrantes
2054 1098 2203 1174 post
2238 1091 2505 1157 beHicos
2540 1091 2807 1158 sudores
2847 1094 3074 1157 eterne

508 1201 638 1266 vite
658 1200 955 1265 bravium
976 1205 1127 1264 sunt
1146 1199 1393 1283 adepti!
1432 1198 1668 1264 Videte
1683 1199 1907 1280 itaque
1926 1200 2328 1265 vocationem
2348 1205 2653 1281 vestram,
2675 1198 2913 1264 fratres
2932 1204 3076 1264 tam

508 1306 747 1371 milites
780 1327 976 1388 quam
1010 1308 1381 1388 servienteS,
1426 1312 1622 1388 atque
1663 1306 1847 1369 iuxta
1888 1306 2253 1389 apostolum
2282 1307 2726 1388 unusquisque
2757 1311 3071 1387 vestrum,

508 1414 576 1477 in
622 1435 751 1496 qua
797 1414 1132 1479 vocatione
1189 1419 1455 1480 vocatus
1503 1418 1631 1493 est,
1690 1413 1757 1474 in
1804 1433 1881 1476 ea
1926 1419 2324 1496 permaneat.
2418 1412 2704 1495 Ideoque
2752 1412 3072 1477 fratribus

508 1521 741 1584 vestris
800 1520 999 1584 semel
1054 1520 1301 1586 devotis
1358 1525 1555 1602 atque
1609 1519 1677 1582 in
1734 1539 1916 1584 sacro
1983 1520 2251 1602 collegio
2313 1525 2529 1585 vestro
2585 1521 2866 1604 receptis
2919 1526 3075 1602 post

509 1626 750 1692 factam
796 1628 862 1691 in
908 1633 1126 1691 vestra
1171 1627 1406 1692 militia
1450 1625 1915 1709 professionem
1972 1632 2039 1691 et
2089 1626 2386 1691 habitum
2440 1626 2768 1709 religionis
2818 1648 3072 1692 assum-

507 1739 691 1817 ptum
767 1733 1132 1799 revertendi
1201 1733 1283 1798 ad
1353 1735 1641 1798 seculum
1710 1753 1851 1797 esse
1928 1732 2373 1798 interdicimus
2440 1732 2539 1797 fas
2557 1733 2607 1815 ¹,
2684 1754 2803 1797 nec
2872 1732 3075 1797 alicui

509 1861 729 1904 eorum
775 1840 873 1905 fas
922 1842 1008 1905 sit
1059 1846 1209 1925 post
1254 1839 1493 1904 factam
1539 1838 2023 1924 professionem,
2077 1840 2275 1905 semel
2323 1841 2764 1923 assumptam2
2808 1860 3074 1903 crucem

510 1946 899 2011 dominicam
965 1952 1031 2011 et
1090 1946 1388 2012 habitum
1449 1951 1664 2011 vestre
1737 1945 2153 2029 professionis
2219 1946 2475 2011 abicere
2540 1947 2642 2011 vel
2711 1947 2795 2011 ad
2865 1945 3072 2010 alium

506 2052 719 2118 lo'cum
766 2075 881 2118 seu
927 2055 1126 2118 etiam
1170 2055 1664 2135 monasterium,
1722 2054 1984 2118 maioris
2041 2053 2174 2118 sive
2231 2054 2498 2119 minoris
2564 2052 2896 2136 religionis
2954 2051 3071 2116 ob-

506 2165 712 2242 tentu,
760 2161 978 2224 invitis
1012 2162 1145 2225 sive
1184 2160 1565 2225 inconsultis
1604 2159 1916 2224 fratribus
1956 2165 2070 2223 aut
2109 2180 2206 2242 ec,
2257 2160 2369 2242 qui
2405 2160 2718 2242 magister
2755 2158 3068 2238 extiterit,

506 2266 701 2331 liceat
752 2267 1252 2350 transmigrare,
1314 2267 1605 2349 nullique
1664 2265 2102 2360 ecclesiastice
2161 2266 2516 2331 secularive
2567 2287 2841 2350 persone
2887 2267 3069 2349 ipsos

508 2374 834 2457 suscipere
880 2374 1077 2438 liceat
1120 2374 1221 2438 vel
1258 2380 1499 2440 tenere.
1578 2373 1747 2439 Sane
1785 2372 2081 2438 laborum
2119 2378 2480 2439 vestrorum
2519 2373 2599 2438 de
2635 2372 3069 2457 possessioni-

506 2479 627 2544 bus
691 2479 933 2545 habitis
999 2487 1150 2545 ante
1216 2482 1555 2546 consilium
1619 2479 1956 2562 generale,
2024 2500 2187 2561 quas
2243 2481 2522 2564 propriis
2582 2479 2883 2545 manibus
2949 2485 3075 2543 aut

506 2586 870 2670 sumptibus
917 2588 1150 2671 colitiS,
1199 2588 1332 2652 sive
1372 2588 1450 2652 de
1488 2587 1902 2651 nutrimentis
1951 2592 2310 2652 vestrorum
2357 2586 2733 2652 animalium
2770 2585 2987 2650 nullus
3033 2607 3075 2650 a

504 2693 686 2758 vobis
737 2693 1020 2759 decimas
1069 2696 1323 2778 exigere
1370 2695 1472 2759 vel
1519 2699 1902 2776 extorquere
1960 2700 2310 2776 presumat.
2350 2693 2367 2782 Η
2405 2693 2709 2759 Ceterum
2757 2693 3073 2775 decimas,

505 2822 666 2882 quas
715 2800 982 2866 consilio
1031 2808 1097 2866 et
1142 2823 1414 2867 assensu
1461 2802 1909 2885 episcoporum
1967 2799 2045 2864 de
2100 2820 2296 2863 manu
2355 2801 2732 2865 clericorum
2778 2801 2879 2865 vel
2925 2800 3071 2883 lay-

505 2929 724 2972 corum
770 2907 1012 2973 habere
1058 2908 1388 2992 poteritiS,
1437 2908 1584 2971 illas
1633 2908 1859 2990 etiam,
1920 2929 2082 2989 quas
2131 2907 2691 2972 consencientibus
2740 2908 3070 2991 episcopis

505 3014 606 3077 vel
653 3035 875 3079 eorum
924 3014 1175 3079 clericis
1241 3014 1620 3096 acquiretis,
1689 3015 2079 3080 auctoritate
2135 3018 2361 3079 nostra
2417 3014 2777 3098 apostolica
2832 3012 3070 3079 confir-

502 3141 772 3185 mamus.
866 3120 958 3186 Ut
1003 3126 1220 3187 autem
1266 3120 1448 3185 vobis
1496 3121 1579 3185 ad
1628 3142 1851 3185 curam
1899 3122 2260 3184 animarum
2307 3126 2671 3185 vestrarum
2717 3125 2784 3184 et
2830 3120 3068 3184 salutis

500 3226 965 3308 plenitudinem
1020 3228 1218 3292 nichil
1274 3227 1444 3292 desit
1498 3234 1695 3311 atque
1752 3227 2193 3292 ecclesiastica
2250 3231 2661 3291 sacramenta
2725 3233 2791 3291 et
2843 3226 3069 3290 divina

501 3331 715 3398 officia
778 3339 992 3400 vestro
1059 3356 1243 3399 sacro
1308 3334 1576 3417 collegio
1644 3334 2039 3400 commodius
2106 3333 2562 3415 exhibeantur,
2622 3333 2815 3397 simili
2868 3332 3068 3397 modo

501 3443 845 3523 sancimuS,
895 3447 969 3505 ut
1012 3441 1208 3506 liceat
1255 3441 1436 3506 vobis
1484 3441 1788 3507 honestos
1837 3442 2104 3506 clericos
2162 3446 2227 3505 et
2289 3440 2658 3506 sacerdotes
2707 3437 3067 3504 secundum

500 3548 719 3630 deum,
778 3554 1093 3630 quantum
1150 3547 1234 3612 ad
1289 3553 1571 3612 vestram
1632 3548 2006 3630 scienciam,
2068 3546 2400 3612 ordinatos
2461 3547 2912 3628 undecumque
2978 3545 3067 3609 ad

498 3677 610 3720 vos
658 3655 987 3719 venientes
1033 3655 1101 3719 in
1147 3654 1382 3719 fratres
1432 3655 1759 3737 suscipere
1808 3660 1873 3719 et
1919 3659 2053 3718 tam
2099 3654 2167 3717 in
2213 3654 2557 3738 principali
2606 3652 2795 3718 domo
2842 3658 3066 3716 vestra

499 3783 694 3843 quam
743 3762 948 3825 eciam
994 3761 1060 3824 in
1109 3760 1494 3845 obedientijs
1544 3767 1609 3827 et
1654 3761 1812 3827 locis
1861 3761 2138 3826 subditis
2185 3761 2520 3827 vobiscum
2564 3759 2827 3841 habere,
2878 3759 3062 3823 dum-

498 3869 708 3951 modo,
760 3869 814 3932 si
861 3889 896 3932 e
942 3868 1150 3933 vicino
1199 3868 1348 3950 sint,
1398 3890 1507 3932 eos
1557 3891 1596 3933 a
1642 3869 1920 3952 proprijs
1969 3868 2286 3952 episcopis
2344 3867 2683 3951 expetatiS,
2732 3866 3062 3949 ijdemque

497 3975 658 4039 nulli
705 3976 813 4058 alij
865 3974 1248 4057 professioni
1304 3974 1405 4039 vel
1453 3973 1663 4040 ordini
1717 3974 1974 4058 obnoxij
2026 3980 2391 4039 teneantur.
2478 3972 2725 4055 Quodsi
2773 3972 3063 4056 episcopi

498 4083 756 4147 eosdem
803 4081 985 4147 vobis
1034 4080 1383 4146 concedere
1429 4080 1596 4146 forte
1644 4080 1988 4165 noluerint,
2036 4082 2489 4147 nichilominus
2537 4087 2758 4144 tamen
2798 4079 3061 4144 eosdem

497 4187 892 4272 suscipiendi
930 4194 998 4253 et
1032 4187 1354 4252 retinendi
1394 4189 1783 4254 auctoritate
1823 4194 2045 4254 sancte
2081 4188 2374 4253 Romane
2412 4186 2683 4251 ecclesie
2728 4186 3058 4250 licentiam

495 4295 813 4360 habeatis,
900 4293 971 4359 Si
1015 4316 1166 4360 vero
1205 4295 1409 4377 aliqui
1445 4295 1679 4361 horum
1716 4302 1866 4378 post
1901 4294 2143 4359 factam
2178 4292 2651 4377 professionem
2688 4291 3058 4367 turbatores

493 4401 822 4484 religionis
886 4406 1101 4466 vestre
1167 4407 1281 4466 aut
1344 4401 1571 4468 domus
1637 4403 1739 4467 vel
1803 4401 2068 4466 inutiles
2134 4400 2376 4466 fuerint
2439 4398 2736 4465 fortassis
2792 4398 3057 4478 inventi,

673 4653 691 4683 ¹
713 4652 1019 4706 Handschr.
1048 4653 1152 4707 fac.
1208 4652 1440 4707 Danach
1463 4654 1553 4706 ein
1577 4651 2088 4707 unverstiindliches
2114 4651 2277 4721 quod.
2380 4650 2401 4682 ²
2436 4649 2672 4705 Hdschr.
2698 4654 3049 4718 assumptum.
