3242 5184
220 1107 331 1166 Pol.
373 1116 403 1166 2
417 1106 461 1163 ¹³.

1578 301 1665 305 ,.,-
1749 262 1789 320 4
1871 299 1957 304 --

500 438 913 503 ostendendis
962 445 1078 501 aut
1121 437 1524 501 inveniendis
1571 437 1674 500 vel
1722 436 1806 500 ad
1854 436 2182 501 dominum
2235 434 2829 500 vicecancellarium
2878 434 3063 500 defe-

500 544 717 610 rendis
763 545 866 609 vel
912 543 1280 626 aliquarum
1326 543 1693 607 litterarum
1740 543 1926 626 copia
1972 542 2289 606 facienda.
2374 541 2542 606 Item
2589 540 2835 606 nullam
2882 540 3063 605 diffi-

500 652 807 717 cultatem
840 652 1129 733 ingeram
1160 649 1227 713 in
1259 650 1674 733 expedicione
1721 650 2087 733 aliquarum
2135 650 2505 713 litterarum
2550 649 2749 713 tacite
2794 649 2896 713 vel
2942 669 3063 712 ex-

497 780 737 844 presse.
822 756 1014 823 Salvo
1050 779 1168 841 per
1214 756 1431 822 omnia
1476 756 1785 821 mandato
1830 763 2065 822 vestro.
2163 755 2270 822 Sic
2314 778 2417 821 me
2465 755 2624 819 deus
2672 753 2935 819 adiuvet
2981 760 3064 818 et

495 865 615 932 hec
662 872 890 931 sancta
936 864 1040 929 dei
1086 863 1439 947 evangelia.
1535 862 1608 928 Τ.

765 1096 1288 1161 Iuramentnm
1333 1094 1946 1178 rescribendarij
1999 1093 2087 1159 de
2133 1095 2458 1177 gracia.l

671 1238 813 1322 Ego
864 1289 878 1303 .
930 1288 944 1302 .
993 1237 1546 1303 rescribendarius
1619 1239 1795 1320 inm,
1864 1236 2037 1320 quod
2110 1235 2393 1302 officium
2465 1236 2660 1301 michi
2725 1256 2842 1320 per
2911 1257 3061 1319 voS,

497 1348 751 1412 domine
803 1394 815 1410 .
860 1395 873 1408 .
922 1345 1491 1426 vicecancellarie,
1558 1365 1767 1428 usque
1829 1343 1912 1408 ad
1960 1342 2299 1408 dimidium
2347 1365 2586 1407 annum
2635 1344 3062 1408 commissum

496 1454 837 1537 diligenter
883 1458 948 1515 et
992 1451 1272 1517 fideliter
1303 1451 1636 1532 exercebO,
1685 1449 1980 1515 fraudem
2026 1455 2141 1514 aut
2178 1448 2397 1516 dolum
2436 1451 2609 1515 circa
2643 1449 2806 1514 illud
2841 1450 3060 1515 nulla-

493 1567 682 1626 tenus
749 1559 1226 1625 committendo.
1328 1557 1497 1623 Item
1562 1556 1736 1640 quod
1803 1557 2074 1623 duorum
2137 1556 2613 1622 Turonensium
2676 1578 3059 1640 grossorum

494 1666 744 1750 argenti
802 1687 918 1748 pro
968 1664 1235 1747 singulis
1297 1664 1561 1746 diebus,
1631 1664 1867 1747 quibus
1927 1665 2050 1729 erit
2109 1662 2487 1746 audiencia,
2547 1669 2837 1747 tempore
2897 1685 3058 1729 vero

493 1773 914 1838 vacacionum
973 1771 1372 1854 generalium
1418 1793 1536 1854 pro
1584 1769 1852 1852 singulis
1901 1771 2254 1853 mensibuS,
2304 1771 2545 1836 eisdem
2592 1770 3055 1836 vacacionibus

494 1878 899 1959 durantibuS,
930 1878 1200 1959 triginta
1248 1877 1553 1941 similium
1585 1877 2061 1943 Turonensium
2095 1878 2334 1943 salario
2356 1883 2698 1942 contentus
2734 1899 2861 1960 ero,
2885 1876 3053 1941 illud

493 1986 560 2048 in
607 1984 876 2066 singulis
926 1984 1234 2068 predictis
1294 1985 1553 2050 casibus
1613 2006 1732 2067 pro
1792 1984 2144 2049 universali
2206 1984 2445 2049 salario
2506 2006 2651 2050 meo
2711 1984 3060 2049 dumtaxat

492 2091 809 2173 recipiens
857 2096 923 2154 et
967 2113 1097 2155 non
1142 2090 1334 2154 ultra.
1411 2090 1543 2155 Pro
1574 2091 1722 2173 alijs
1754 2112 1903 2155 vero
1951 2090 2199 2172 diebus,
2250 2091 2486 2173 quibus
2534 2091 2875 2156 audiencia
2920 2113 3058 2156 non

492 2196 705 2279 fuerit,
753 2196 952 2260 nichil
998 2197 1257 2263 omnino
1295 2197 1628 2281 recipiam,
1687 2218 1805 2261 nec
1853 2197 2086 2262 faciam
2132 2197 2441 2262 vicariam
2487 2219 2605 2281 pro
2652 2197 2872 2280 aliquo
2920 2198 3058 2263 alio

493 2304 845 2387 scriptore,
913 2303 1223 2386 quamdiu
1286 2304 1843 2370 rescribendarius
1903 2304 2105 2369 fuero.
2198 2303 2410 2369 Item2
2474 2303 2648 2387 quod
2706 2306 2771 2369 in
2833 2303 3057 2368 distri-

489 2410 762 2477 buendis
809 2411 979 2475 notis
1028 2431 1141 2474 seu
1185 2410 1421 2475 litteris
1470 2432 1727 2494 semper
1771 2409 2053 2475 fideliter
2099 2416 2166 2474 et
2211 2411 2462 2476 solicite
2484 2461 2499 2492 ,
2558 2417 2751 2493 prout
2796 2416 3055 2494 potero,

492 2517 913 2601 equalitatem
946 2521 1011 2580 et
1039 2517 1389 2600 paritatem
1428 2517 1720 2582 servabo,
1798 2516 1967 2582 Item
2007 2516 2179 2599 quod
2218 2523 2452 2582 cuncta
2499 2522 2751 2581 secreta
2786 2517 3055 2581 racione

492 2624 682 2707 officij
733 2623 1008 2707 predicti
1039 2624 1233 2690 michi
1265 2624 1728 2690 committenda
1760 2623 1893 2687 sive
1931 2623 2466 2689 communicanda
2498 2630 2744 2688 secrete
2777 2623 3058 2689 servabo

491 2753 568 2796 ac
614 2751 692 2795 ea
737 2730 884 2813 hijs,
947 2730 1183 2812 quibus
1240 2730 1356 2795 illa
1415 2752 1492 2795 ex
1553 2729 1766 2796 officio
1824 2729 2116 2812 predicto
2162 2751 2281 2813 per
2326 2752 2435 2795 eos
2484 2730 2829 2795 scribenda
2875 2750 3056 2795 com-

489 2839 819 2903 municare
856 2835 1132 2918 habeb0,
1174 2844 1420 2901 secrete
1460 2836 1804 2901 scribenda
1840 2842 1906 2899 et
1944 2835 2344 2919 expedienda
2382 2839 2801 2902 committam.
2879 2841 3055 2900 Item

490 2943 665 3028 quod
719 2944 1094 3008 taxaciones
1132 2943 1519 3008 'litterarum
1578 2964 1696 3025 per
1754 2941 1959 3006 felicis
2020 2943 2495 3009 recordacionis
2557 2944 2886 3009 dominum
2943 2943 3053 3008 Io-

487 3051 766 3116 hannem
811 3070 1052 3133 papam
1097 3049 1321 3114 XXII.
1372 3050 1717 3115 novissime
1767 3048 2130 3133 ordinataS,
2182 3052 2458 3134 scriptas
2518 3058 2584 3115 et
2641 3052 2920 3115 insertas
2978 3051 3053 3113 in

487 3157 867 3241 provinciali
899 3155 1304 3236 cancellarie,
1342 3154 1622 3221 fideliter
1660 3156 2040 3223 observabo,
2115 3157 2282 3222 Item
2321 3158 2494 3241 quod
2533 3178 2753 3222 omnes
2791 3157 3050 3221 litteras

488 3263 911 3347 apostolicaS,
961 3263 1093 3327 sive
1137 3284 1257 3346 per
1302 3283 1404 3327 me
1453 3264 1586 3327 sive
1632 3284 1749 3346 per
1797 3264 1958 3329 alios
2008 3265 2355 3348 scriptores
2404 3266 2714 3347 scriptas,
2762 3285 2878 3347 per
2940 3285 3048 3328 me

485 3369 804 3434 taxandas
822 3419 837 3450 ,
899 3369 1183 3452 exceptis
1242 3369 1477 3434 litteris
1527 3370 1703 3433 curie
1751 3375 1818 3433 et
1860 3369 1991 3434 illis
2041 3369 2390 3453 duntaxat,
2452 3392 2577 3454 que
2622 3391 2740 3453 per
2784 3392 2895 3434 vos
2942 3371 3047 3434 vel

486 3476 686 3540 alium
734 3497 849 3541 seu
896 3476 1058 3541 alios
1107 3475 1186 3539 de
1232 3474 1540 3540 mandato
1587 3481 1802 3540 vestro
1848 3498 1966 3559 pro
2015 3476 2134 3543 deo
2171 3478 2273 3543 vel
2306 3478 2469 3543 alias
2509 3477 2592 3542 ad
2632 3476 3044 3542 scribendum

484 3583 688 3665 gratis
737 3583 989 3665 signate
1037 3580 1308 3662 fuerint,
1371 3582 1830 3665 scriptoribus»,
1891 3584 2003 3666 qui
2052 3605 2161 3648 eas
2210 3585 2618 3668 scripserint,
2675 3585 2743 3647 in
2788 3583 3043 3666 pitaffio

483 3687 764 3754 fideliter
796 3687 1205 3770 computabo,
1253 3687 1500 3753 nnllam
1533 3689 1613 3752 de
1661 3689 1754 3753 eis
1802 3691 2081 3754 scienter
2127 3697 2502 3774 computare
2548 3689 2698 3771 illis,
2748 3691 2860 3771 qui
2906 3711 3039 3772 eaS,

483 3800 559 3859 ut
587 3796 932 3879 prefertur,
973 3796 1367 3878 scripserint,
1408 3794 1894 3877 quomodolibet
1930 3798 2433 3879 pretermittenS.
2503 3796 2673 3860 Item
2712 3796 2886 3878 quod
2921 3818 3039 3879 pro

482 3901 853 3969 huiusmodi
913 3900 1196 3966 officium
1256 3901 1659 3984 assequendo
1718 3902 1919 3967 nichil
1978 3902 2127 3967 dedi
2186 3909 2299 3968 aut
2368 3904 2635 3986 promisi
2709 3903 2868 3986 per³
2936 3925 3038 3968 me

664 4079 682 4111 ¹
719 4078 830 4132 Am
867 4078 1064 4133 Rande
1107 4098 1216 4136 von
1263 4082 1495 4135 anderer
1531 4082 1726 4136 Hand:
1776 4081 2154 4137 Iuramentum
2201 4083 2559 4151 prestandum
2606 4099 2705 4150 per
2740 4082 3034 4137 rescriben-

483 4167 697 4221 darium
737 4167 806 4221 de
842 4170 1030 4237 gracia
1066 4170 1180 4223 und
1218 4170 1508 4224 darunter:
1548 4170 1727 4225 forma
1762 4173 2055 4226 iuramenti
2095 4172 2527 4226 rescribendarii.
2659 4170 2679 4201 ²
2717 4157 2872 4226 Uber
2895 4170 3036 4224 Item

482 4257 574 4309 ein
599 4256 798 4325 Kreuz‚
837 4257 1072 4312 welches
1109 4253 1214 4312 a'uf
1243 4258 1515 4328 folgende,
1555 4278 1646 4313 am
1672 4260 1881 4328 Raude,
1923 4263 2026 4316 wie
2063 4279 2120 4315 es
2157 4261 2380 4330 scheint,
2418 4278 2529 4316 von
2554 4259 2844 4314 derselben
2867 4259 3033 4314 Hand

482 4344 920 4415 nachgetragene
939 4386 953 4410 ‚
1013 4347 1147 4402 aber
1193 4350 1294 4402 mit
1329 4347 1618 4402 derselben
1654 4348 1822 4402 Tinte
1858 4350 2062 4405 wieder
2097 4347 2541 4403 durchstrichene
2578 4348 2722 4403 Note
2761 4351 3033 4404 verweist:

481 4433 631 4502 tolle,
668 4435 801 4503 quia
833 4452 947 4489 non
981 4441 1247 4491 servatur.
1393 4435 1416 4467 ⁸
1450 4436 1524 4489 Es
1559 4438 1721 4490 stand
1760 4442 1872 4491 erst
1893 4455 1992 4506 pro
2017 4439 2076 4490 in
2101 4438 2199 4491 der
2223 4435 2607 4504 Handschriftt,
2645 4438 2745 4492 das
2780 4455 2809 4490 r
2845 4438 3034 4494 wurde

482 4524 583 4576 mit
628 4522 911 4576 derselben
961 4522 1139 4578 braun
1194 4525 1564 4594 gewordenen
1622 4525 1789 4578 Tinte
1835 4528 1892 4579 in
1948 4544 1977 4579 e
2035 4525 2399 4592 verwandelt,
2449 4526 2548 4579 das
2606 4545 2638 4579 o
2689 4544 2789 4580 zur
2843 4526 3033 4580 Halfte

483 4612 689 4664 radiert
725 4614 835 4665 und
877 4613 1023 4666 dann
1063 4614 1165 4666 mit
1201 4618 1347 4667 roter
1383 4613 1548 4667 Tinte
1585 4615 1643 4666 in
1681 4633 1708 4665 1·
1743 4615 2025 4684 geandert.
