3242 5184
133 2392 250 2447 Fol.
290 2397 357 2446 33
371 2399 409 2445 ⁸.

1547 309 1940 383 ἡ,(50.-

450 509 574 570 que
620 486 974 552 coabbates
1024 492 1089 548 et
1136 490 1485 549 conventus
1533 489 1654 548 etc.
1733 483 1943 547 Item1
1984 532 1998 546 .
2043 532 2056 546 .
2098 482 2599 566 archiepiscopis
2646 486 2768 546 etc.
2819 486 2886 546 et
2924 530 2938 544 .
2992 530 3006 544 .

450 592 819 675 abbatibus,
867 592 1193 676 prioribus
1226 597 1347 656 etc.
1443 590 1603 656 Cum
1652 589 1924 654 abbates
1958 589 2402 654 Cisterciensis
2436 588 2679 654 ordinis
2716 593 3007 670 tempore

448 699 767 784 generalis
833 699 1085 782 concilij
1152 704 1271 764 etc.
1367 695 1577 761 Item2
1634 696 1860 761 abbati
1907 694 2200 779 Cistercij
2264 696 2532 778 eiusque
2578 693 3007 760 coabbatibus

449 814 515 872 et
561 806 983 873 conventibus
1022 812 1141 870 etc.
1238 803 1400 869 Cum
1447 825 1487 868 a
1531 801 1720 868 nobis
1767 803 2011 886 petitur
2044 808 2165 868 etc.
2259 801 2361 866 Ex
2406 808 2594 886 parte
2640 804 2695 867 si
2743 802 3007 885 quidem

448 920 667 980 vestra
730 918 873 978 etc.-
919 911 1093 996 quod
1153 910 1444 976 nonnulli
1511 909 1931 975 ecclesiarum
1996 908 2231 992 prelati
2297 910 2531 974 vestris
2592 908 3008 974 libertatibus

448 1019 811 1084 invidentes
859 1024 981 1084 etc.
1086 1017 1300 1083 Item³
1340 1067 1353 1081 .
1398 1066 1412 1082 .
1454 1016 1680 1081 abbati
1744 1015 2038 1099 Cistercij
2109 1016 2378 1099 eiusque
2445 1015 2874 1082 coabbatibus
2941 1022 3010 1081 et

450 1126 868 1193 conventibus
917 1131 1036 1191 etc.
1132 1123 1312 1190 Solet
1358 1145 1641 1189 annuere
1688 1129 1810 1189 etc.
1905 1122 2274 1207 Eapropter
2329 1129 2450 1188 etc.
2527 1144 2748 1188 omnes
2812 1121 3007 1187 liber-

449 1239 618 1299 tates
668 1238 733 1298 et
777 1232 1221 1297 immunitates
1255 1236 1375 1296 etc.
1459 1230 1671 1296 Item4
1709 1281 1723 1295 .
1768 1280 1781 1295 .
1823 1231 2048 1296 abbati
2080 1229 2373 1314 Cistercij
2426 1230 2693 1312 eiusque
2726 1227 3006 1293 coabba-

448 1341 623 1406 tibus
672 1345 791 1405 etc.
893 1338 1251 1421 Religionis
1306 1343 1518 1403 vestre
1566 1343 1688 1402 etc.
1794 1335 1961 1403 Sane
2017 1337 2405 1402 tenuitatem
2452 1343 2575 1401 etc.
2681 1334 2891 1401 Item⁵
2930 1384 2943 1399 .
2989 1385 3002 1399 .

450 1447 674 1512 abbati
721 1445 1012 1528 Cistercij
1065 1446 1330 1526 eiusque
1377 1443 1805 1509 coabbatibus
1838 1449 1957 1508 etc.
2037 1442 2237 1507 Iustis
2284 1443 2643 1526 petentium
2676 1448 2796 1508 etc.
2876 1441 3003 1506 Ea-

448 1559 714 1636 propter
745 1558 865 1618 etc.
913 1558 989 1616 ut
1030 1552 1098 1615 in
1145 1550 1503 1636 parrochijs
1549 1551 1682 1615 illis
1726 1556 1846 1616 etc.
1939 1548 2108 1615 Item
2149 1599 2162 1614 .
2206 1599 2220 1615 .
2262 1550 2597 1615 abbatisse
2643 1556 2710 1616 et
2748 1599 2762 1615 .
2806 1600 2820 1613 .
2856 1571 3004 1614 con-

448 1661 667 1724 ventui
714 1664 835 1723 etc.
937 1659 1189 1724 Meritis
1246 1679 1428 1723 sacre
1483 1657 1811 1740 religionis
1867 1663 1988 1722 etc.
2089 1657 2261 1721 Hinc
2316 1663 2417 1722 est
2470 1656 2645 1740 quod
2697 1679 2816 1722 nos
2879 1662 3001 1721 etc.

449 1766 542 1832 Ut
593 1768 660 1830 in
726 1765 886 1849 hijs,
946 1788 1071 1849 que
1132 1765 1319 1831 nobis
1375 1770 1752 1849 competunt
1809 1770 1930 1830 etc.
2023 1764 2237 1829 Item⁷
2275 1815 2289 1830 .
2333 1815 2348 1830 .
2390 1764 2615 1830 abbati
2673 1763 2959 1847 Cistertij
2979 1764 3008 1801 ⁸

450 1875 716 1956 eiusque
763 1872 1190 1939 coabbatibus
1256 1878 1377 1938 etc.
1489 1870 1686 1938 Sacre
1750 1877 1970 1937 nostre
2035 1872 2363 1956 religionis
2428 1877 2549 1937 etc.
2681 1870 2890 1936 Item⁹
2929 1920 2943 1934 .
2988 1920 3003 1934 .

453 1980 679 2046 abbati
726 1980 1011 2063 Cistertij
1030 1980 1056 2018 ⁸
1101 1980 1368 2063 eiusque
1415 1978 1844 2045 coabbatibus
1891 1984 2014 2044 etc.
2123 1979 2457 2045 Thesauro
2506 1978 2819 2042 virtutum
2879 1982 3004 2042 etc.

452 2086 588 2152 Am
604 2108 712 2152 en.

714 2389 732 2477 Η
782 2388 1289 2472 Privilegium
1346 2388 1798 2454 monialium
1843 2389 2323 2453 inclusarum
2369 2387 2674 2454 ordinis
2736 2393 3009 2452 sancte

806 2494 1134 2561 Olare10.

627 2655 1025 2740 Religiosam
1088 2656 1290 2721 vitam
1351 2661 1472 2721 etc.
1538 2676 1746 2738 usque
1812 2661 2090 2720 enervet.
2183 2654 2572 2739 Eapropter,
2638 2654 2874 2718 dilecte
2937 2653 3010 2717 in

451 2762 708 2829 Christo
772 2762 924 2843 filie,
989 2762 1222 2826 vestris
1282 2762 1473 2826 iustis
1529 2761 2086 2844 postulacionibus
2144 2761 2495 2826 clementer
2548 2761 2892 2826 annuimus
2941 2766 3012 2824 et

451 2869 915 2936 monasterium
962 2873 1184 2933 sancte
1231 2869 1335 2934 dei
1379 2868 1711 2951 genitricis
1758 2874 1827 2933 et
1852 2868 2120 2951 virginis
2157 2867 2365 2933 Marie
2396 2874 2465 2932 et
2495 2868 2705 2933 sancti
2737 2866 3003 2951 Georgij

450 2976 867 3058 Esculanum,
899 2975 967 3039 in
999 2997 1127 3058 quo
1160 2974 1374 3041 divino
1406 2975 1563 3039 estis
1600 2974 1913 3057 obsequio
1945 2976 2332 3059 mancipate,
2362 2976 2483 3041 sub
2514 2974 2694 3040 beati
2725 2974 2907 3039 Petri
2941 2979 3010 3040 et

451 3088 675 3149 nostra
719 3082 1119 3165 protectione
1151 3082 1535 3165 suscipimus
1569 3087 1637 3146 et
1666 3082 1987 3166 presentis
2022 3083 2247 3165 scripti
2286 3082 2620 3166 privilegio
2653 3081 3008 3147 communi-

452 3211 614 3271 muS,
645 3190 940 3274 inprimis
974 3187 1293 3271 siquidem
1313 3193 1693 3271 statuentes,
1726 3193 1801 3252 ut
1831 3187 1987 3252 ordo
2020 3195 2243 3254 sancte
2263 3188 2471 3270 Clare,
2505 3209 2632 3271 que
2650 3187 3009 3253 secundum

452 3296 644 3361 deum
676 3301 742 3360 et
770 3294 1062 3378 regulam
1093 3316 1133 3359 a
1162 3294 1369 3359 felicis
1400 3295 1874 3360 recordacionis
1887 3293 2156 3360 Urbano
2175 3316 2348 3378 papa
2365 3293 2526 3359 ΠΠ.
2548 3295 3010 3378 predecessore

450 3408 673 3468 nostro
706 3402 995 3467 eiusdem
1027 3400 1270 3466 ordinis
1304 3401 1633 3467 sororibus
1653 3400 1966 3466 traditam
1985 3402 2053 3465 in
2075 3401 2301 3467 eodem
2330 3401 2471 3467 loco
2489 3402 2829 3466 institutus
2863 3422 3010 3467 esse

452 3509 808 3574 dinoscitur
854 3513 974 3573 etc.
1023 3508 1353 3592 perpetuis
1398 3508 1642 3574 ibidem
1673 3507 2072 3592 temporibus
2113 3508 2573 3574 inviolabiliter
2605 3508 3007 3574 observetur.
3120 3546 3126 3553 ·

451 3616 762 3681 Preterea
794 3635 1212 3697 quascunque
1243 3614 1705 3697 possessioneS,
1740 3636 2122 3698 quecunque
2152 3614 2323 3679 bona
2347 3614 2520 3679 idem
2539 3617 3012 3680 monasterium

451 3722 1018 3805 impresentiarum
1046 3722 1217 3785 iuste
1249 3743 1326 3786 ac
1357 3721 1664 3785 canonice
1695 3721 1988 3806 possidet
2017 3727 2133 3785 aut
2169 3721 2238 3783 in
2269 3719 2559 3785 futurum
2590 3721 3011 3787 concessione

451 3827 850 3912 pontificum,
905 3827 1257 3911 largicione
1310 3848 1536 3910 regum
1588 3827 1691 3891 vel
1748 3828 2132 3911 principum,
2181 3826 2509 3893 oblatione
2553 3826 2843 3893 fidelium
2892 3849 3014 3893 seu

453 3935 600 4019 alijs
646 3935 834 3999 iustis
891 3933 1098 4000 modis
1153 3938 1486 4017 prestante
1534 3932 1792 3999 domino
1848 3934 2090 4017 poterit
2134 3933 2428 4018 adipisci,
2476 3933 2665 3999 firma
2708 3933 2894 4000 vobis
2942 3939 3014 3998 et

632 4133 650 4162 ¹
687 4129 947 4185 Dariiber
985 4135 1032 4183 2.
1071 4131 1129 4183 in
1166 4134 1312 4184 roter
1348 4129 1566 4184 Schrift.
1715 4130 1735 4161 ²
1771 4129 2030 4185 Dariiber
2067 4135 2117 4183 3.
2154 4131 2213 4183 in
2249 4149 2292 4184 r.
2319 4127 2545 4184 schrift.
2688 4129 2710 4162 ³
2745 4129 3013 4186 Dariiber

453 4225 500 4273 4.
541 4221 599 4273 in
636 4238 677 4272 r.
717 4218 868 4273 Schr.
1012 4217 1035 4249 ⁴
1071 4218 1331 4274 Dariiber
1368 4223 1415 4271 5.
1454 4221 1512 4272 in
1549 4237 1591 4271 r.
1619 4217 1771 4273 Schr.
1918 4220 1941 4251 ⁶
1976 4217 2232 4274 Dan‘iber
2270 4226 2316 4273 6.
2356 4221 2415 4272 in
2451 4238 2494 4272 r.
2532 4218 2684 4274 Schr.
2830 4220 2854 4252 ⁶
2889 4218 3011 4273 Da-

451 4309 619 4363 riiber
658 4312 704 4362 7.
742 4310 801 4361 in
837 4326 879 4361 r.
919 4306 1068 4361 Schr.
1288 4308 1308 4339 ⁷
1344 4307 1604 4363 Dariiber
1641 4314 1689 4361 8.
1726 4309 1784 4361 in
1820 4327 1863 4361 r.
1902 4305 2054 4362 Schr.
2261 4308 2284 4340 ⁸
2319 4308 2392 4362 So
2428 4307 2519 4361 fiir
2554 4307 2803 4378 Cistercij
2843 4307 3008 4363 oben.

453 4399 475 4431 ⁹
511 4397 770 4452 Dariiber
806 4403 855 4451 9.
893 4398 952 4450 in
988 4415 1031 4449 r.
1070 4394 1219 4450 Schr.
1422 4398 1465 4429 ¹⁰
1500 4396 1619 4451 Der
1655 4396 1996 4452 Rubrikator
2029 4396 2183 4452 hatte
2220 4396 2526 4451 irrtiimlich
2564 4398 2654 4451 die
2690 4396 3013 4451 Aufschrift

451 4504 562 4543 von
586 4486 706 4540 Fol.
735 4490 801 4539 25
839 4484 1178 4541 wiederholt.
1240 4485 1316 4539 Er
1351 4486 1510 4557 tilgte
1547 4486 1720 4541 daher
1756 4485 1893 4540 alles
1930 4481 2100 4540 ausser
2123 4485 2488 4557 Privilegium
2524 4485 2697 4540 durch
2734 4487 2826 4540 ein
2861 4485 3010 4540 nach

451 4576 817 4646 Privilegium
853 4573 991 4630 fiber
1027 4575 1116 4630 die
1140 4574 1289 4630 Zeile
1325 4579 1592 4646 gesetztes
1630 4593 1704 4631 va
1740 4575 1856 4628 und
1892 4575 1983 4629 ein
2019 4579 2111 4629 cat
2145 4574 2287 4630 nach
2321 4575 2620 4630 novalium.
2682 4561 2840 4630 Uber
2876 4575 3006 4629 dem

451 4682 525 4721 va
561 4670 662 4719 etc.
700 4669 829 4736 trug
865 4683 924 4721 er
960 4665 1110 4720 daun
1147 4665 1236 4720 die
1272 4664 1503 4737 richtige
1543 4663 1853 4720 Aufschrift
1887 4663 2052 4719 nach:
2094 4663 2415 4723 monialium
2455 4705 2467 4719 .
2496 4704 2509 4718 .
2538 4706 2549 4718 .
2590 4662 2769 4720 Clare.
