3242 5184
221 1641 341 1696 Fol.
383 1647 449 1694 82
461 1643 502 1695 b.

1574 284 2064 347 —160—

540 461 867 525 iusticiam
913 463 1316 543 cuicumque,
1358 460 1527 525 dona
1557 461 1660 525 vel
1690 481 1961 527 munera
1993 481 2108 525 seu
2142 461 2453 525 ensennia
2484 467 2601 526 aut
2632 460 3088 543 obligationem

541 568 640 632 vel
686 568 1179 651 promissionem
1226 588 1421 652 super
1464 568 1593 632 illis
1642 587 1757 651 per
1801 588 1905 632 me
1952 567 2052 632 vel
2099 567 2300 631 alium
2348 588 2462 632 seu
2509 567 2673 632 alios
2722 589 2761 631 a
2794 568 3089 651 partibus

542 696 760 740 coram
807 695 910 738 me
956 695 1188 740 causas
1234 673 1626 739 habentibus
1676 694 1791 738 seu
1839 676 2084 739 earum¹
2110 674 2333 756 aliqua
2374 674 2479 738 vel
2516 695 2558 738 a
2588 674 2860 757 notarijs
2896 674 3088 757 depu-

542 782 697 846 tatis
746 781 830 845 ad
877 780 1288 845 scribendum
1337 801 1555 847 coram
1600 802 1704 846 me
1752 786 1901 846 acta
1947 780 2269 846 dictarum
2315 802 2662 845 causarum
2699 781 2800 846 vel
2830 780 2918 845 ab
2952 780 3089 864 alijs

541 907 658 971 pro
724 887 967 952 eisdem
1034 909 1148 953 seu
1213 910 1437 954 eorum
1499 889 1759 954 nomine
1823 888 1983 953 nonl
2053 889 2385 972 recipiam,
2453 889 2609 970 quin
2664 909 2809 970 ymo
2878 909 3090 953 omnes

541 992 894 1059 familiares
943 1000 1010 1060 et
1053 994 1363 1060 officiales
1409 1016 1587 1060 meos
1637 996 1810 1060 omni
1853 994 2208 1078 diligentia,
2259 1016 2389 1078 qua
2420 1001 2667 1079 potero,
2715 993 2955 1059 faciam
2985 995 3089 1060 ab·

542 1102 781 1166 stinere
837 1122 958 1166 nec
1013 1101 1211 1166 etiam
1236 1102 1258 1140 ¹
1304 1124 1422 1185 pro
1483 1100 1696 1184 sigillo
1741 1123 1886 1168 meo
1949 1123 2069 1167 nec
2132 1123 2248 1185 pro
2311 1101 2589 1166 rubricis
2655 1100 2969 1166 faciendis
3029 1103 3090 1166 in

543 1209 777 1290 causis,
825 1210 893 1272 in
925 1208 1161 1291 quibus
1199 1230 1341 1273 sum
1387 1209 1489 1274 vel
1535 1216 1722 1275 fuero
1771 1209 2119 1293 deputatus
2167 1208 2445 1289 auditor,
2502 1229 2622 1273 nec
2668 1208 2795 1273 alio
2844 1210 3088 1291 quesito

543 1315 755 1379 colore
804 1315 1049 1397 aliquid
1094 1316 1404 1398 recipiam
1449 1337 1570 1380 nec
1617 1337 1657 1379 a
1702 1315 2010 1399 predictis
2056 1316 2218 1380 meis
2266 1314 2653 1380 officialibus
2703 1336 2817 1380 seu
2866 1315 3088 1380 famili-

541 1421 764 1486 aribus
822 1422 1024 1506 recipi
1076 1423 1468 1504 permittam.
1564 1421 1851 1487 Consilia
1906 1443 2164 1505 quoque
2223 1422 2669 1487 coauditorum
2725 1428 3087 1488 nostrorum

542 1535 788 1594 secrete
836 1529 992 1593 data
1037 1533 1289 1593 secreta
1333 1528 1569 1593 tenebo
1616 1550 1954 1612 usquequo
2000 1529 2069 1592 i'n
2115 1549 2314 1593 causa
2345 1529 2672 1592 sententia
2702 1530 2790 1593 sit
2818 1529 3084 1613 prolata.

530 1635 933 1718 supradicta
965 1637 1181 1700 omnia
1217 1640 1241 1719 ΙΙ
1275 1640 1341 1700 et
1371 1635 1628 1718 singula
1672 1637 1981 1718 promitto
2030 1637 2151 1722 [et]
2199 1636 2342 1701 iuro
2391 1635 2729 1700 attendere
2777 1642 2845 1701 et
2882 1637 3085 1702 obser-

545 1764 697 1808 vare
730 1744 868 1807 sine
901 1743 1073 1808 omni
1121 1742 1268 1807 dolo
1316 1748 1382 1806 et
1426 1742 1673 1807 fraude.
1770 1741 1876 1808 Sic
1922 1763 2023 1806 me
2070 1741 2229 1807 deus
2278 1741 2542 1807 adiuvet
2588 1749 2654 1807 et
2700 1743 2823 1808 hec
2873 1750 3085 1808 sancta

542 1849 646 1914 dei
694 1846 1046 1931 evangelia.

716 1956 885 2021 Item
933 1956 1278 2021 statuimus
1326 1961 1392 2020 et
1437 1955 1844 2037 ordinamus,
1907 1955 2079 2038 quod
2134 1955 2395 2020 auditor
2441 1955 2730 2020 eiusdem
2776 1956 3005 2039 palatij
3051 1976 3086 2018 a

539 2069 829 2146 tempore
877 2083 990 2127 sue
1036 2063 1426 2146 receptionis
1473 2063 1801 2144 antiquior
1858 2063 2172 2146 primitus
2205 2063 2477 2145 incipiat
2519 2061 2761 2128 referre
2810 2064 2947 2127 suis
2993 2082 3085 2126 co-

538 2169 945 2235 auditoribus
994 2174 1060 2234 et
1105 2190 1366 2251 causaS,
1416 2190 1578 2251 quas
1626 2168 1842 2251 audit,
1892 2169 1948 2234 si
1995 2168 2078 2232 ad
2122 2169 2246 2235 hoc
2291 2174 2560 2253 paratus
2609 2170 2882 2251 existat,
2930 2170 3086 2233 inter

539 2298 648 2341 eos
695 2277 762 2340 in
808 2256 1233 2341 relationibus
1279 2297 1539 2359 ponere,
1587 2282 1664 2341 ut
1703 2281 1804 2341 est
1850 2277 2069 2358 moris,
2104 2277 2325 2358 sicque
2371 2297 2488 2359 per
2533 2297 2936 2360 consequens
2982 2274 3080 2357 alij

539 2382 694 2447 dicti
757 2383 986 2466 palatij
1057 2383 1387 2448 auditores
1453 2385 1811 2448 successive
1878 2382 2232 2448 secundum
2305 2382 2578 2465 gradum
2652 2384 3083 2467 receptionum

539 2510 760 2554 eorum
808 2488 1155 2554 cuiuslibet
1201 2488 1500 2554 similiter
1542 2489 1831 2564 referant
1877 2495 1942 2554 et
1990 2510 2245 2570 causaS,
2294 2510 2456 2572 quas
2490 2489 2783 2570 audiunt,
2833 2491 2901 2553 in
2930 2489 3081 2553 rela-

540 2595 826 2660 tionibus
872 2602 1137 2678 ponant,
1187 2597 1243 2661 si
1290 2595 1374 2659 ad
1419 2595 1542 2661 hoc
1580 2597 1778 2662 etiam
1812 2597 1943 2660 sint
1972 2595 2208 2680 parati,
2258 2602 2323 2660 et
2354 2595 2547 2678 quod,
2580 2602 2932 2679 postquam
2962 2613 3082 2657 11113

542 2722 740 2767 causa
802 2704 869 2766 in
932 2702 1358 2768 relationibus
1415 2702 1787 2767 huiusmodi
1845 2703 2062 2786 posita
2124 2701 2348 2783 fuerit,
2416 2703 2546 2768 alia
2607 2724 2737 2767 non
2790 2706 3077 2785 ponatur,

541 2829 879 2891 quousque
937 2814 1158 2892 partes
1219 2809 1673 2891 allegaverint,
1741 2830 1868 2891 que
1926 2809 2249 2875 voluerint
2294 2809 2595 2892 allegare.
2681 2808 2830 2874 Non
2874 2814 3079 2872 tamen

539 2914 868 2980 auditores
916 2916 1042 2998 ipsi
1089 2915 1313 2980 audire
1361 2914 1781 2998 allegationes
1829 2913 2191 2999 superfluas
2239 2916 2704 2998 astringantur.

714 3020 882 3086 Item
930 3021 1103 3104 quod
1149 3022 1364 3086 nullus
1412 3021 1782 3086 auditorum
1816 3023 2032 3105 ipsius
2078 3022 2303 3106 palatij
2357 3023 2642 3105 aliquam
2681 3020 3076 3085 diffinitivam

538 3130 925 3194 sententiam
941 3179 956 3209 ,
1024 3150 1408 3211 quecunque
1463 3127 1689 3210 fuerit,
1758 3150 1873 3193 seu
1927 3129 2221 3211 quamvis
2275 3129 2835 3194 interlocutoriam
2898 3145 3075 3209 super

538 3234 1054 3300 devolutionibus
1102 3257 1445 3315 causarum
1491 3236 1560 3299 in
1605 3234 1904 3300 Romana
1972 3236 2154 3299 curia
2209 3235 2737 3317 tractandarum,
2808 3236 2864 3299 si
2918 3235 3073 3297 inter

534 3349 753 3426 partes
805 3341 884 3406 de
933 3342 1077 3426 ipsa
1126 3342 1534 3407 devolutione
1585 3342 2024 3409 controversia
2066 3341 2265 3406 fuerit
2315 3342 2417 3406 vel
2481 3363 2678 3426 super
2721 3340 3069 3424 repulsione

536 3470 653 3514 seu
699 3447 1089 3513 admissione
1136 3448 1559 3513 articulorum
1605 3454 1724 3512 aut
1768 3469 1965 3532 super
2001 3448 2382 3513 remissione
2415 3469 2611 3531 super
2641 3448 2886 3513 eisdem
2930 3443 3067 3510 arti-

535 3556 698 3620 culis
747 3560 862 3619 aut
908 3553 1054 3638 alijs
1101 3555 1595 3638 probationibus
1645 3561 1828 3620 extra
1875 3556 2121 3619 curiam
2167 3554 2479 3619 faciendis
2494 3604 2510 3636 ,
2566 3555 2693 3619 nisi
2740 3554 2956 3621 forsan
2997 3549 3065 3614 de

535 3682 853 3726 consensu
898 3662 1182 3744 partium
1228 3660 1460 3726 fierent
1502 3663 1800 3728 remissio
1846 3663 1948 3727 vel
1994 3661 2301 3727 admissio
2370 3660 2780 3744 supradicte,
2837 3676 3062 3724 necnon

535 3789 730 3852 super
756 3767 1166 3832 restitutione
1199 3789 1313 3831 seu
1342 3769 1752 3833 revocatione
1785 3774 2317 3851 attemptatorum
2349 3782 2464 3832 seu
2481 3768 2946 3846 innovatorum,
2964 3763 3060 3827 lite

533 3874 634 3940 vel
665 3872 1097 3959 appellatione
1137 3874 1477 3957 pendente,
1509 3877 1643 3939 sive
1676 3896 1870 3958 super
1901 3873 2448 3958 appellationibus
2482 3874 2565 3938 ab
2596 3869 3059 3939 interlocutoria

531 3982 635 4047 vel
680 4004 721 4047 a
767 3982 1139 4065 gravamine
1185 3982 1587 4064 interpositis
1635 3987 1752 4046 aut
1796 3982 1992 4046 aliam
2040 4002 2492 4064 quamcunque
2528 3978 3056 4046 interlocutoriam

534 4109 730 4172 super
759 4109 849 4169 re,
900 4087 978 4152 de
998 4094 1147 4170 'qua
1193 4088 1426 4169 agitur,
1476 4094 1705 4152 contra
1752 4087 2065 4152 alteram4
2110 4088 2395 4171 partium
2442 4086 2637 4151 finem
2677 4086 2927 4171 negotio
2955 4083 3052 4146 im-

532 4201 875 4279 ponentem
923 4194 1169 4276 absque
1216 4194 1533 4261 relatione
1577 4195 1840 4278 publica
1888 4200 1954 4259 et
2000 4194 2268 4258 consilio
2317 4193 2765 4258 coauditorum
2795 4188 3053 4276 proferat

534 4303 634 4366 sui
665 4301 924 4385 gradus.
988 4298 1197 4383 Super
1228 4301 1373 4382 alijs
1406 4321 1557 4366 vero
1587 4301 2094 4384 interlocutorijs
2144 4300 2392 4382 absque
2437 4299 2701 4383 publica
2746 4297 3047 4370 relatione,

3197 4308 3204 4405 Ι

712 4553 729 4583 ¹
768 4551 1003 4606 Hdschr.
1041 4569 1141 4620 pro
1177 4569 1303 4604 non.
1486 4551 1506 4582 ²
1541 4539 1697 4606 ⁷Uber
1734 4551 1831 4605 der
1855 4551 2003 4605 Zeile
2026 4550 2451 4621 nachgetragen.
2630 4548 2652 4580 ³
2677 4548 2829 4604 Nach
2851 4562 2938 4599 seu
2970 4540 3043 4594 ein
3193 4490 3205 4871 1

533 4657 606 4693 311
641 4641 842 4710 getilgt
876 4639 1049 4694 durch
1073 4639 1552 4694 Durchstreichen.
1749 4639 1771 4670 ⁴
1808 4646 1984 4694 teram
2017 4639 2123 4693 auf
2153 4639 2348 4693 Rasur.
