3242 5184
1344 262 1788 324 *gg-

280 436 541 502 defectu
578 436 836 502 iusticie
882 442 1370 520 conquerenteS,
1403 440 1893 504 universitatem
1930 443 2213 503 vestram
2249 439 2483 504 litteris
2514 440 2844 523 petierunt

278 545 658 627 apostolicis
706 546 996 628 excitari,
1028 552 1102 610 ut
1146 546 1240 609 ita
1285 545 1585 610 videlicet
1631 546 1726 610 eis
1772 547 1840 610 in
1875 546 2407 611 tribulationibus
2444 548 2578 611 suis
2616 552 2844 611 contra

277 651 735 717 malefactores
809 673 1031 716 eorum
1102 659 1403 736 prompta
1476 652 1769 718 debeatis
1825 654 2360 735 magnanimitate
2433 674 2842 736 consurgere,

278 758 456 840 quod
504 759 589 823 ab
637 760 986 844 angustijs,
1044 781 1206 842 quas
1263 762 1603 841 sustinent,
1666 764 1732 825 et
1776 762 2097 843 pressuris
2144 766 2358 825 vestro
2404 763 2657 845 possint
2699 781 2842 843 pre-

278 865 449 930 sidio
468 866 813 949 respirare.
874 866 1161 949 Ideoque
1181 868 1590 933 universitati
1619 875 1834 932 vestre
1852 888 1970 951 per
1999 868 2358 952 apostolica
2390 869 2634 951 scripta
2663 889 2843 932 man-

279 973 512 1040 damus
543 979 743 1057 atque
773 975 1185 1059 precipimus,
1234 975 1541 1058 quatinus
1574 973 1741 1057 illos,
1790 976 1902 1057 qui
1932 979 2373 1058 possessiones
2418 977 2520 1041 vel
2565 997 2670 1040 res
2729 996 2845 1040 seu

279 1080 507 1147 domos
564 1081 1005 1165 predictorum
1059 1081 1335 1146 fratrum
1389 1082 1490 1146 vel
1544 1081 1880 1148 hominum
1949 1104 2212 1147 suorum
2267 1084 2696 1149 irreverenter
2747 1085 2842 1147 in-

279 1189 573 1253 vaserint
655 1195 771 1253 aut
849 1210 927 1254 ea
1006 1191 1245 1254 iniuste
1310 1188 1708 1254 detinuerint
1725 1240 1740 1271 ,
1819 1211 1945 1272 que
2010 1190 2318 1273 predictis
2384 1189 2698 1255 fiatribus
2765 1211 2844 1255 ex

275 1302 675 1361 testamento
722 1296 1169 1361 decedentium
1213 1296 1693 1378 relinquuntur,
1724 1296 1749 1385 Η
1787 1317 1901 1373 seu
1948 1299 2016 1361 in
2069 1295 2304 1362 fratres
2360 1299 2536 1380 ipsos
2592 1296 2694 1362 vel
2742 1299 2834 1379 ip·
2882 1300 3001 1354 Fol·
3042 1305 3109 1352 44
3122 1302 3163 1355 ¹³·

278 1424 502 1467 sorum
567 1402 851 1485 aliquem
913 1409 1138 1468 contra
1203 1402 1557 1484 apostolice
1612 1403 1786 1468 sedis
1840 1404 2095 1468 indulta
2158 1406 2545 1469 sententiam
2593 1425 2844 1468 excom-

277 1511 742 1577 municationis
807 1516 922 1575 aut
985 1507 1315 1575 interdicti
1378 1512 1895 1593 presumpserint
1952 1512 2366 1594 promulgare
2387 1552 2390 1558 ι
2410 1512 2513 1576 vel
2561 1511 2843 1577 decimas

274 1616 579 1682 laborum
637 1618 716 1682 de
773 1619 966 1683 terris
1024 1616 1266 1682 habitis
1324 1622 1475 1681 ante
1523 1617 1865 1683 concilium
1912 1618 2233 1701 generale,
2282 1625 2436 1684 ante
2484 1619 2657 1702 quod
2705 1637 2844 1683 sus-

274 1731 595 1808 ceperunt
665 1725 955 1790 eiusdem
1028 1724 1272 1790 ordinis
1349 1725 1672 1806 instituta,
1758 1746 1923 1807 quas
1998 1726 2278 1810 proprijs
2347 1727 2647 1792 manibus
2731 1731 2846 1790 aut

277 1832 649 1915 sumptibus
714 1832 1042 1912 excolunt,
1117 1852 1231 1896 seu
1312 1832 1728 1896 nutrimentis
1807 1834 2186 1898 animalium
2267 1855 2532 1898 suorum
2609 1834 2844 1916 spretis

276 1938 639 2022 apostolice
706 1938 877 2004 sedis
942 1939 1297 2021 privilegijs
1364 1944 1772 2020 extorquere,
1833 1941 1896 2009 si
1952 1939 2032 2004 de
2086 1940 2214 2023 hijs
2272 1940 2459 2006 vobis
2504 1939 2844 2026 manifeste

275 2046 665 2127 constiterit,
714 2047 1024 2110 canonica
1087 2047 1440 2110 monitione
1495 2046 1835 2128 premissa,
1912 2047 1967 2110 si
2032 2046 2197 2128 layci
2277 2046 2537 2129 fuerint,
2585 2046 2845 2129 publice

276 2152 569 2243 candelis
628 2155 918 2218 accensis
966 2151 1203 2235 singuli
1247 2158 1532 2216 vestrum
1580 2153 1648 2216 in
1696 2150 1954 2233 dyocesi
2010 2159 2075 2216 et
2121 2152 2412 2236 ecclesijs
2458 2141 2690 2217 vestris
2737 2175 2844 2218 ex-

262 2260 884 2324 communicationis
942 2261 1268 2325 sententia
1320 2259 1711 2342 percellatiS,
1768 2261 1824 2323 si
1889 2280 2039 2323 vero
2105 2260 2322 2324 clerici
2385 2261 2485 2324 vel
2551 2263 2845 2326 canonici

275 2367 612 2450 regulares
661 2388 775 2432 seu
821 2366 1119 2432 monachi
1166 2369 1521 2449 extiterint,
1570 2388 1681 2432 eos
1728 2366 2164 2450 appellatione
2210 2374 2461 2432 remota
2507 2367 2590 2432 ab
2639 2367 2844 2433 offitio

259 2480 349 2539 ·et
392 2473 699 2538 benefitio
745 2474 1182 2557 suspendatiS,
1230 2481 1529 2539 neutram
1574 2474 1931 2538 relaxaturi
1980 2476 2398 2556 sententiam,
2449 2474 2653 2539 donec
2698 2496 2842 2558 pre-

259 2581 470 2646 dictis
517 2581 831 2646 fratribus
877 2580 1168 2665 plenarie
1217 2581 1630 2647 satisfaciant
1673 2587 1741 2646 et
1785 2587 1922 2645 tam
1959 2580 2128 2663 layci
2167 2602 2363 2664 quam
2396 2581 2615 2646 clerici
2662 2603 2842 2645 secu-

274 2689 471 2771 lareS,
537 2690 653 2771 qui
715 2710 833 2771 pro
898 2688 1181 2753 violenta
1235 2710 1544 2753 manuum
1600 2689 1949 2759 iniectione
2006 2688 2071 2751 in
2127 2687 2362 2753 fratres
2420 2688 2680 2768 eosdem
2742 2688 2843 2753 vel

272 2799 566 2880 ipsorum
605 2795 889 2878 aliquem
928 2795 1361 2872 anathematis
1398 2796 1654 2860 vinculo
1690 2795 1933 2860 fuerint
1961 2795 2275 2877 innodati,
2314 2817 2459 2859 cum
2499 2795 2844 2877 dyocesani

271 2905 566 2987 episcopi
611 2898 848 2967 litteris
905 2903 988 2966 ad
1045 2902 1263 2967 sedem
1320 2902 1743 2985 apostolicam
1799 2903 2132 2968 venientes
2180 2903 2262 2967 ab
2312 2903 2539 2967 eodem
2584 2904 2842 2968 vinculo

269 3015 649 3075 mereantur
694 3008 963 3074 absolvi.

473 3360 491 3375 .
544 3312 1187 3396 Archiepiscopis
1235 3318 1309 3377 et
1355 3315 1776 3396 episcopiS,
1825 3312 2284 3391 abbatibuS,
2330 3314 2726 3397 prioribus
2764 3319 2842 3377 et

633 3422 1021 3485 universis
1061 3420 1563 3485 ecclesiarum
1601 3406 1961 3503 prelati'S,
2010 3419 2101 3484 ad
2141 3441 2327 3501 quos
2366 3412 2634 3500 littere
2691 3423 2838 3485 iste

632 3530 1129 3611 pervenerint
1174 3534 1313 3593 etc.
1341 3527 1364 3566 ¹

454 3687 618 3751 Cum
664 3687 917 3763 dilectis
963 3687 1144 3771 filijs‚
1202 3687 1517 3751 fratribus
1562 3685 2122 3769 IerosolimitaniS,
2170 3687 2369 3752 fuerit
2415 3709 2454 3755 a
2500 3687 2835 3770 predeces-

268 3795 532 3860 soribus
598 3797 836 3859 nostris
901 3795 1226 3860 indultum
1291 3800 1357 3858 et
1415 3777 1478 3857 a·
1524 3794 1712 3859 nobis
1766 3793 2177 3877 postmodum
2235 3793 2706 3876 confirmatum,
2766 3800 2839 3857 ut

269 3901 474 3967 semel
531 3904 599 3966 in
654 3923 823 3966 anno
879 3901 1277 3985 recipiantur
1331 3901 1398 3965 in
1454 3900 1747 3984 ecclesijs
1805 3902 1888 3965 ad
1947 3902 2333 3967 elemosinas
2380 3900 2775 3983 colligendas
2789 3902 2834 3983 2,

267 4006 540 4092 quidam
572 4014 860 4073 vestrum
908 4009 1186 4073 avaricie
1219 4008 1452 4074 ardore
1485 4011 1777 4073 succensi
1812 4008 2197 4073 confratrias
2236 4030 2388 4072 suas
2429 4007 2837 4091 confratrijs3

269 4116 533 4181 illorum
599 4115 825 4181 eadem
885 4116 993 4180 *die
1057 4117 1125 4180 in
1189 4116 1478 4198 ipsorum
1542 4115 1826 4180 adventu
1879 4120 2264 4199 preponunt,
2331 4123 2397 4179 et
2451 4117 2545 4179 sic
2599 4115 2836 4180 fratres

268 4225 397 4308 ipsi
464 4223 716 4288 confusi
780 4229 896 4287 aut
956 4223 1157 4304 nichil
1221 4223 1451 4287 exinde
1516 4229 1634 4287 aut
1686 4222 2012 4287 modicum
2066 4228 2571 4306 consequuntur.
2666 4221 2836 4303 Quia

459 4456 478 4489 ¹
516 4457 722 4512 Hierzu
759 4474 850 4511 am
886 4457 1082 4511 Raude
1118 4458 1176 4510 in
1213 4461 1359 4511 roter
1394 4455 1600 4511 Schrift
1635 4473 1746 4511 von
1783 4456 2074 4511 derselben
2111 4455 2308 4529 Hand:
2356 4455 2491 4510 Hec
2528 4455 2735 4511 verba
2770 4464 2836 4510 et

268 4547 411 4601 alia
460 4546 678 4600 multa
723 4551 1187 4616 competenter
1233 4551 1602 4614 mutantur,
1661 4563 1803 4599 cum
1850 4545 2010 4615 alijs
2057 4541 2364 4617 de³novo
2420 4545 2832 4600 conceditur.

270 4637 295 4667 ²
330 4637 458 4692 Von
495 4636 729 4690 anderer
764 4636 932 4690 Hand
970 4635 1113 4690 korr.
1151 4652 1251 4689 aus
1288 4635 1587 4706 eligendas.
1735 4634 1757 4665 ³
1794 4634 2029 4699 Hdschr.
2068 4634 2380 4690 confratrie.

469 4721 477 4729 .
2332 4730 2363 4777 6
2376 4729 2402 4757 *
