3242 5184
243 1562 355 1616 1³01.
397 1566 460 1615 31
476 1559 517 1615 ¹³.

1619 302 2043 365 —58.-

551 475 977 539 munitatibus
1025 476 1177 539 81118.
1272 473 1442 539 Sane
1488 475 1812 540 novalium
1859 481 2248 558 vestrorum,
2306 497 2433 559 que
2477 476 2757 560 proprijs
2804 475 3108 540 manibus

553 588 668 646 aut
713 581 1075 665 sumptibus
1124 582 1356 664 colitis,
1406 581 1485 646 de
1533 581 1770 665 quibus
1810 582 2045 665 aliquis
2082 581 2400 648 hactenus
2437 604 2567 648 non
2610 582 2920 665 percepit,
2972 582 3107 645 sive

552 689 632 753 de
677 694 1038 753 vestrorum
1084 688 1464 753 animalium
1508 689 1921 753 nutrimentis
1967 689 2182 753 nullus
2216 711 2256 753 a
2285 689 2467 754 vobis
2518 689 2801 754 decimas
2849 689 3108 771 exigere

550 796 653 860 vel
699 801 1082 878 extorquere
1127 801 1482 879 presumat.
1574 795 1806 859 Liceat
1860 817 2116 879 quoque
2170 796 2353 861 vobis
2411 796 2678 861 clericos
2738 795 2839 861 vel
2885 795 3107 878 laycos

553 908 675 967 etc.
724 923 930 985 usque
976 902 1275 967 retinere.
1369 901 1797 968 Prohibemus
1843 903 2128 986 insuper,
2176 908 2251 967 ut
2295 903 2456 967 nulli
2502 902 2781 967 fratrum
2828 907 2951 967 etc.
3005 923 3107 965 us-

554 1031 678 1093 que
709 1009 990 1091 licentia,
1023 1009 1150 1073 nisi
1181 1010 1440 1074 artioris
1472 1010 1800 1094 religionis
1835 1009 2125 1091 obtentu,
2176 1008 2254 1074 de
2296 1009 2523 1075 eodem
2562 1009 2704 1075 loco
2752 1008 3107 1089 discedere,

555 1116 991 1180 discedentem
1054 1137 1205 1181 vero
1268 1120 1388 1182 etc.
1446 1137 1653 1199 usque
1698 1118 1996 1181 retinere.
2091 1115 2251 1182 Cum
2298 1122 2517 1182 autem
2563 1116 2861 1199 generale
2908 1116 3108 1181 inter-

555 1223 799 1287 dictum
847 1228 1018 1287 terre
1064 1221 1279 1303 fuerit,
1326 1223 1522 1287 liceat
1565 1222 1747 1287 vobis
1781 1223 2018 1288 clausis
2066 1225 2297 1306 ianuis,
2347 1223 2625 1288 exclusis
2674 1223 3107 1288 excommuni-

555 1330 720 1394 catis
786 1335 852 1394 et
912 1328 1297 1410 interdictis,
1362 1352 1490 1395 non
1546 1330 1822 1413 pulsatis
1871 1331 2223 1414 campaniS,
2273 1329 2618 1395 dummodo
2666 1351 2934 1395 causam
2982 1351 3107 1394 non

555 1435 862 1500 dederitis
911 1436 1275 1518 interdicto,
1328 1457 1678 1520 suppressa
1725 1458 1879 1502 voce
1923 1436 2141 1502 divina
2188 1437 2403 1502 officia
2440 1437 2787 1502 celebrare.
2854 1435 3107 1502 Crisma

554 1562 727 1624 ver0,
762 1542 972 1607 oleum
1006 1548 1321 1626 sanctum,
1361 1544 1377 1631 ji
1416 1544 1933 1608 consecrationes
1966 1543 2272 1609 altarium
2304 1565 2419 1608 seu
2447 1543 2884 1623 basilicarum,
2938 1540 3105 1607 ordi-

556 1650 852 1714 nationes
893 1648 1290 1731 clericorum,
1339 1651 1450 1732 qui
1490 1649 1572 1714 ad
1606 1649 1864 1715 ordines
1895 1649 2137 1714 fuerint
2171 1650 2609 1734 promovendi,
2658 1673 2699 1714 a
2745 1649 3106 1734 dyocesano

557 1755 923 1839 suscipietis
989 1757 1311 1840 episcop0,
1379 1755 1699 1839 siquidem
1745 1757 2101 1822 catholicus
2148 1756 2345 1822 fuerit
2389 1763 2456 1821 et
2499 1758 2780 1840 gratiam
2825 1762 2891 1821 et
2940 1779 3106 1822 com-

555 1864 924 1928 munionem
983 1869 1393 1928 sacrosancte
1440 1862 1732 1928 Romane
1780 1863 1952 1928 sedis
1996 1863 2299 1929 habuerit
2358 1871 2424 1928 et
2479 1885 2557 1928 ea
2602 1863 2786 1929 vobis
2831 1863 3109 1928 voluerit

557 1972 694 2034 sine
740 1970 1060 2052 pravitate
1108 1969 1400 2052 qualibet
1454 1969 1777 2035 exhibere.
1872 1971 2181 2054 Alioquin
2234 1971 2431 2035 liceat
2474 1971 2677 2052 vobiS,
2739 1991 3106 2054 quemcum-

558 2098 682 2159 que
746 2076 1125 2156 malueritiS,
1193 2076 1580 2141 catholicum
1641 2076 1820 2141 adire
1877 2079 2239 2142 antistitem
2295 2083 2415 2142 010.
2483 2098 2689 2159 usque
2752 2077 3106 2160 impendat.

554 2182 982 2249 Prohibemus
1028 2183 1312 2265 insuper,
1360 2188 1434 2246 ut
1478 2182 1650 2247 infra
1695 2182 1855 2248 fines
1902 2184 2240 2267 parrochie
2286 2190 2519 2266 vestre,
2569 2184 2625 2247 si
2656 2204 2799 2247 eam
2829 2181 3107 2261 habetiS,

556 2290 772 2354 nullus
819 2290 957 2353 sine
1004 2310 1274 2353 assensu
1322 2289 1668 2372 dyocesani
1715 2292 2001 2374 episcopi
2055 2298 2120 2355 et
2165 2297 2380 2356 vestro
2438 2290 2756 2373 capellam
2803 2310 2917 2353 seu
2968 2310 3106 2354 ora-

556 2397 795 2462 torium
861 2395 939 2460 de
1002 2418 1165 2461 novo
1231 2403 1605 2462 construere
1670 2398 1929 2480 audeat,
1997 2399 2191 2462 salvis
2254 2396 2610 2480 privilegijs
2667 2396 3107 2461 Romanorum

555 2500 952 2586 pontificum.
1045 2501 1151 2565 Ad
1195 2502 1315 2567 hec
1360 2525 1559 2570 novas
1608 2510 1676 2569 et
1705 2502 2028 2570 indebitas
2062 2505 2431 2569 exactiones
2465 2503 2548 2568 ab
2582 2502 3105 2585 archiepiscopis,

557 2609 896 2693 episcopiS,
946 2608 1434 2692 archidyaconis
1483 2632 1598 2676 seu
1644 2610 1906 2676 decanis
1963 2611 2238 2694 alijsque
2295 2610 2592 2676 omnibus
2650 2609 3106 2674 ecclesiasticis

559 2715 1038 2781 secularibusve
1082 2717 1375 2799 personis
1423 2739 1462 2782 a
1493 2717 1675 2783 vobis
1707 2716 1848 2782 fieri
1884 2717 2320 2801 prohibemus
2406 2716 2819 2800 Sepulturam
2853 2736 3105 2799 quoque

557 2824 762 2907 ipsius
809 2822 933 2888 loci
979 2806 1268 2887 liberam'
1301 2844 1440 2888 esse
1488 2825 1914 2906 decernimus,
1963 2829 2038 2889 ut
2084 2845 2305 2888 eorum
2339 2824 2663 2889 devotioni
2710 2829 2776 2887 et
2824 2829 3107 2887 extreme

558 2930 897 3011 voluntati,
947 2929 1058 3012 qui
1107 2950 1174 2992 se
1219 2929 1353 2994 illic
1400 2931 1659 3014 sepeliri
1704 2931 2224 3012 deliberaverint,
2285 2929 2411 2994 nisi
2458 2929 2624 2994 forte
2671 2929 3104 2994 excommuni-

562 3037 693 3101 cati
755 3035 854 3099 vel
918 3034 1247 3099 interdicti
1310 3037 1439 3101 sint
1493 3043 1609 3103 aut
1664 3037 1908 3120 publici
1952 3037 2257 3120 usurarij,
2304 3036 2519 3102 nullus
2567 3036 2865 3119 obsistat,
2934 3036 3108 3101 salva

561 3149 778 3207 tamen
841 3143 1102 3207 iusticia
1162 3142 1422 3208 illarum
1487 3145 1925 3227 ecclesiarum,
1993 3166 2033 3209 a
2088 3144 2322 3226 quibus
2376 3149 2780 3209 mortuorum
2840 3163 3109 3226 corpora

561 3255 998 3315 assumuntur.
1093 3248 1396 3315 Decimas
1449 3262 1750 3334 preterea
1808 3256 1872 3315 et
1916 3250 2358 3334 possessiones
2415 3250 2499 3314 ad
2543 3250 2645 3314 ius
2693 3249 3109 3314 ecclesiarum

562 3361 924 3421 vestrarum
972 3361 1360 3439 spectantes,
1411 3379 1535 3441 que
1583 3378 1623 3421 a
1668 3356 1870 3440 laycis
1904 3357 2295 3439 detinentur,
2343 3356 2700 3421 redimendi
2732 3361 2800 3420 et
2828 3355 3107 3437 legitime

559 3461 880 3527 liberandi
945 3461 1023 3526 de
1087 3462 1385 3528 manibus
1452 3485 1675 3529 eorum
1737 3469 1802 3528 et
1849 3464 1931 3529 ad
1997 3463 2325 3543 ecclesiaS,
2393 3461 2478 3526 ad
2542 3483 2704 3543 quas
2762 3461 3105 3544 pertinent,

561 3568 907 3635 revocandi
951 3568 1160 3633 libera
1214 3570 1301 3634 sit
1344 3570 1527 3635 vobis
1583 3570 1665 3635 de
1710 3576 1934 3636 nostra
1981 3571 2373 3635 auctoritate
2427 3567 2724 3633 facultas,
2819 3565 3107 3633 Obeunte

560 3698 712 3742 vero
743 3681 827 3757 te,
875 3696 1045 3739 nunc
1087 3675 1374 3741 eiusdem
1420 3677 1545 3741 loci
1577 3676 1836 3759 abbate,
1883 3677 1990 3742 vel
2029 3683 2289 3742 tuorum
2336 3673 2627 3758 quolibet
2672 3693 3108 3739 successorum

562 3782 778 3848 nullus
842 3782 935 3846 ibi
1001 3781 1293 3864 qualibet
1357 3783 1782 3866 surreptionis
1848 3784 2096 3849 astutia
2165 3804 2281 3848 seu
2334 3781 2643 3846 violentia
2695 3785 3105 3864 preponatur,

563 3889 689 3953 nisi
746 3908 939 3972 quem
993 3888 1228 3953 fratres
1285 3889 1607 3955 communi
1664 3912 1981 3955 consensu
2036 3889 2137 3954 vel
2192 3888 2468 3953 fratrum
2514 3888 2724 3952 maior
2766 3908 2925 3970 pars
2972 3907 3106 3950 con-

565 3996 689 4079 sih‘j
727 3995 1001 4061 sanioris
1035 3996 1387 4060 secundum
1420 3995 1610 4060 deum
1659 4002 1725 4060 et
1771 3997 1947 4061 beati
1979 3995 2329 4078 Augustini
2374 3994 2667 4078 regulam
2717 3992 3107 4077 providerint

565 4100 948 4186 eligendum.
1059 4100 1217 4166 Paci
1290 4123 1546 4186 quoque
1619 4108 1741 4167 etc.
1816 4124 2024 4186 usque
2098 4123 2413 4167 exercere.
2520 4101 2831 4165 Preterea
2895 4118 3102 4165 omnes

562 4208 904 4273 libertates
938 4213 1058 4272 etc.
1092 4229 1299 4291 usque
1333 4209 1820 4274 communimus.
1899 4208 2322 4274 Decernimus
2356 4229 2507 4291 ergo
2548 4212 2670 4272 etc.
2719 4226 2928 4289 usque
2974 4226 3103 4289 pro-

565 4315 804 4379 futura.
872 4313 1067 4379 Salva
1115 4315 1284 4380 sedis
1333 4316 1687 4400 apostolice
1735 4315 2122 4380 auctoritate
2170 4321 2235 4379 et
2280 4314 2624 4398 dyocesani
2679 4313 2969 4397 episcopi
3014 4332 3103 4375 ca-

564 4423 797 4488 nonica
865 4422 1143 4486 iusticia.
1249 4421 1318 4487 Si
1382 4444 1514 4506 qua
1576 4423 1777 4505 igitur
1840 4428 1959 4487 etc.
2027 4443 2234 4505 usque
2298 4421 2551 4486 ultioni.
2665 4417 2930 4484 Cunctis
2994 4423 3101 4483 etc.

565 4551 770 4614 usque
816 4529 1167 4595 inveniant.
1260 4529 1489 4595 Amen.
1583 4529 1818 4595 Amen.
