3242 5184
158 1341 279 1398 Fol.
321 1345 474 1397 112¹).

1546 303 1632 309 ψ
1725 265 1851 328 208
1945 304 2032 310 -.ff

517 437 906 504 Ruticherus
1007 439 1086 504 de
1178 439 1423 506 Gronlo
1513 440 1738 504 Mona·
1940 440 2271 524 scriptoris
2333 439 2468 529 ‚die
2556 439 2748 506 XIII.
2829 442 3076 506 mensis

608 547 938 610 steriensis
985 545 1276 629 dyocesis
1322 548 1558 610 iuravit
1602 545 1741 611 offi-
1936 548 2235 631 Augusti.

607 655 769 717 tium
824 654 1159 736 scriptorie
1216 653 1319 718 die
1364 652 1449 718 X.
1500 655 1739 717 mensis
1848 653 2342 719 Bartholomeus
2407 653 2649 719 Corvus
2727 654 3078 721 Ianuensis

604 761 901 841 Augusti.
1935 762 2173 825 iuravit
2235 759 2511 824 offitium
2565 761 2899 844 scriptoris
2968 763 3082 828 die

515 866 818 932 Nicolaus
897 867 976 932 de
1051 866 1423 932 Benevento
1501 846 1738 932 iuravit
1933 867 2146 933 XXV.
2196 867 2615 951 Septembris,

606 972 879 1039 offitium
936 973 1403 1039 abbreviatoris
1461 974 1564 1039 die
1611 973 1733 1039 XI.
1845 974 2122 1039 Iacobus
2153 974 2429 1057 Zignani
2462 975 2541 1039 de
2572 975 2870 1040 Bononia
2898 977 3079 1041 iura-

606 1082 843 1146 mensis
892 1082 1189 1165 Augusti.
1934 1084 2027 1147 vit
2071 1080 2353 1146 officium
2385 1079 2716 1165 scriptoris
2750 1082 2853 1147 die
2883 1082 3077 1149 XVI.

514 1187 855 1253 Wilelmus
904 1187 1123 1254 Ghent
1173 1190 1411 1267 iuravit
1464 1188 1739 1253 offitium
1935 1190 2176 1253 mensis
2221 1188 2401 1272 Maij.

696 1354 720 1433 ΙΙ
744 1349 843 1413 De
874 1327 1178 1412 mandato
1202 1398 1216 1413 .
1243 1399 1255 1412 .
1283 1399 1296 1414 .
1315 1349 1337 1387 1
1368 1351 1583 1433 recepi
1616 1351 2047 1414 iuramentum
2080 1356 2200 1412 etc.
2237 1370 2277 1412 a
2296 1348 2611 1414 Gastaldo
2635 1348 3076 1434 GarbignacO,

514 1478 783 1521 monaco
815 1456 1186 1539 monasterij
1239 1456 1317 1520 de
1360 1453 1644 1538 Cerreto,
1693 1457 1934 1521 ordinis
1982 1455 2449 1537 CisterciensiS,
2499 1456 2673 1538 quod
2718 1458 2855 1539 ipse
2902 1458 3078 1524 bene

512 1570 579 1628 et
623 1563 870 1628 solicite
900 1562 1098 1627 faciat
1134 1561 1417 1628 officium
1460 1564 1932 1647 procurationis
1979 1584 2096 1645 pro
2144 1561 2366 1626 ordine
2399 1562 2811 1628 Cisterciensi
2840 1567 2908 1629 in
2954 1566 3076 1631 ab·

512 1672 722 1734 sentia
766 1671 1200 1754 procuratoris
1265 1669 1421 1734 dicti
1468 1719 1482 1734 .
1521 1719 1535 1734 .
1573 1671 1628 1734 .1
1677 1669 1931 1749 duxerit
1993 1669 2420 1734 ordinandum
2483 1670 2585 1734 die
2643 1670 2758 1736 VI.
2824 1672 3075 1736 mensis

513 1775 812 1842 Octobris
858 1775 1270 1861 pontificatus
1317 1776 1562 1840 domini
1607 1779 1814 1841 nostri
1862 1774 2104 1841 domini
2150 1775 2400 1841 Urbani
2446 1776 2560 1841 VI.
2612 1800 2779 1842 anno
2830 1828 2843 1843 .
2881 1828 2894 1842 .
2933 1829 2946 1842 .
2970 1779 2993 1816 1

688 1884 1012 1969 Receptus
1084 1883 1207 1947 fuit
1281 1882 1577 1948 dominus
1638 1884 1882 1948 Paulus
1944 1883 2253 1948 Iohannis
2319 1881 2398 1947 de
2459 1883 2920 1949 Radicondolis
2990 1885 3076 1948 de

513 1990 726 2074 Senis,
773 1991 987 2075 legum
1035 1991 1288 2073 doctor,
1339 1997 1404 2055 et
1454 1991 1693 2055 iuravit
1755 1991 1858 2055 die
1904 1991 2019 2055 VI.
2077 1991 2315 2056 mensis
2373 1991 2590 2073 Martij
2650 1990 3075 2074 pontificatus

513 2097 754 2162 domini
798 2098 1050 2164 Urbani
1094 2121 1262 2182 pape
1308 2097 1422 2163 VI.
1473 2119 1641 2161 anno
1688 2095 1910 2162 VII10.

685 2204 810 2269 Die
855 2205 997 2270 XII
1046 2207 1285 2271 mensis
1332 2204 1713 2269 Decembris
1775 2212 2072 2288 receptus
2134 2204 2257 2268 fuit
2310 2202 2606 2268 dominus
2654 2204 3073 2269 Branchinus

378 2378 384 2389 ,
509 2312 575 2374 111
622 2300 1004 2377 advocatum
1052 2313 1221 2376 sacri
1264 2311 1489 2396 palatij
1541 2333 1709 2375 anno
1757 2311 1917 2376 1110.

684 2418 808 2484 Die
853 2418 1128 2483 XVIII⁰
1174 2419 1460 2502 Ianuarij
1510 2424 1809 2502 receptus
1856 2420 1981 2483 fuit
2024 2421 2090 2483 in
2138 2419 2520 2484 advocatum
2568 2440 2683 2501 per
2730 2418 3072 2483 dominum

509 2522 730 2607 Lapus
780 2524 859 2589 de
906 2525 1244 2591 Florentia
1291 2531 1357 2591 et
1400 2526 1642 2590 iuravit
1690 2575 1703 2590 .
1742 2576 1754 2590 .
1793 2526 1846 2590 .1
1895 2548 2062 2591 anno
2108 2525 2268 2590 HI0.

687 2630 810 2695 Die
856 2631 1011 2697 XII.
1061 2632 1280 2715 Martij
1342 2633 1499 2696 anni
1561 2632 1837 2716 predicti
1890 2631 2125 2697 Petrus
2180 2632 2424 2698 Paulus
2491 2633 2571 2698 de
2625 2631 2924 2698 Cribellis
2985 2633 3071 2699 de

506 2736 737 2802 Padua
780 2746 1076 2821 receptus
1124 2739 1248 2803 fuit
1293 2761 1462 2803 anno
1508 2737 1652 2802 ΠΙ0
1697 2739 1764 2803 111
1811 2739 2193 2841 aduocatum
2241 2746 2308 2804 et
2350 2741 2603 2805 iuravit.

683 2844 988 2910 Nicolaus
1022 2846 1264 2910 domini
1297 2844 1517 2911 Cantis
1551 2846 1630 2910 de
1664 2844 2011 2930 Grapaldis
2044 2847 2123 2910 de
2155 2846 2394 2911 Parma
2425 2847 2528 2911 die
2558 2845 2808 2912 XVIII.
2828 2847 3062 2931 Marcij

507 2950 629 3016 fuit
672 2960 970 3035 receptus
1017 2953 1085 3016 in
1133 2952 1517 3016 advocatum
1566 2958 1633 3016 et
1676 2953 1930 3017 iuravit.

681 3057 1006 3142 Receptus
1055 3058 1177 3127 fuit
1222 3058 1517 3122 dominus
1550 3058 1918 3124 Ludovicus
1952 3060 2031 3124 de
2063 3060 2367 3125 Funtana
2412 3061 2478 3123 in
2526 3060 2909 3126 advocatum
2957 3062 3062 3126 die

506 3162 583 3228 V.
632 3166 871 3230 mensis
918 3165 1087 3249 Iunij
1140 3171 1206 3229 et
1248 3165 1504 3229 iuravit.

678 3272 1004 3355 Receptus
1051 3272 1175 3336 fuit
1221 3271 1515 3336 dominus
1562 3271 1881 3337 Ricardus
1930 3273 2131 3358 Scrop
2164 3275 2273 3362 [?]‚
2322 3276 2658 3356 utriusque
2703 3276 2862 3338 iuris
2912 3275 3055 3339 doc-

504 3384 623 3459 tor,
672 3379 738 3441 in
786 3379 1145 3444 auditorem
1193 3378 1361 3442 sacri
1406 3378 1629 3461 palatij
1682 3379 1786 3444 die
1833 3380 1983 3446 VH.
2032 3382 2271 3446 mensis
2319 3381 2717 3446 Decembris,

678 3485 1003 3569 Receptus
1052 3486 1177 3550 fuit
1223 3486 1518 3550 dominus
1565 3485 1889 3552 Iohannes
1935 3488 2174 3571 Egidij,
2223 3490 2558 3570 utriusque
2602 3489 2761 3552 iuris
2811 3489 3050 3569 doctor,

502 3592 569 3654 in
617 3592 976 3659 auditorem
1024 3593 1192 3658 sacri
1238 3592 1460 3676 palatij
1513 3592 1617 3656 die
1663 3592 1820 3656 XII.
1873 3596 2111 3658 mensis
2158 3594 2559 3660 Decembris

679 3700 803 3765 Die
849 3700 1077 3764 ultima
1123 3700 1361 3764 mensis
1395 3698 1678 3781 Ianuarij
1722 3700 2136 3783 pontificatus
2186 3702 2428 3767 domini
2458 3702 2709 3768 Urbani
2738 3708 2907 3785 pape
2939 3701 3045 3765 VI.

501 3808 626 3871 fuit
687 3813 983 3890 receptus
1049 3807 1115 3869 in
1182 3806 1561 3871 advocatum
1620 3807 2129 3872 consistorialem
2186 3809 2481 3873 dominus
2538 3807 2919 3892 Guasparus
2974 3808 3047 3871 de

503 3913 862 3979 Caldarinis
910 3913 989 3978 de
1034 3913 1348 3978 Bononia.

676 4020 1003 4103 Receptus
1068 4019 1191 4084 fuit
1253 4019 1548 4083 dominus
1614 4020 1936 4087 Iohannes
2003 4024 2081 4088 de
2127 4022 2440 4104 Lamola,·
2493 4022 2830 4103 utriusque
2893 4020 3045 4085 iuris

503 4127 746 4208 doctor,
794 4128 863 4190 in
910 4127 1270 4191 auditorem
1318 4127 1486 4190 sacri
1533 4126 1759 4211 palatij
1813 4128 1916 4194 die
1963 4129 2319 4212 penultima
2364 4130 2603 4192 mensis
2651 4128 2959 4210 Ianuarij.

676 4233 1001 4316 Receptus
1034 4232 1158 4297 fuit
1186 4234 1252 4297 in
1286 4234 1671 4299 advocatum
1704 4236 2212 4301 consistorialem
2232 4236 2525 4301 Romane
2546 4236 2719 4300 curie
2753 4234 3043 4298 dominus

498 4341 821 4404 Antonius
853 4338 1022 4404 filius
1054 4339 1311 4405 'Pisonis
1352 4340 1430 4404 de
1464 4348 1688 4406 sancto
1719 4342 1968 4426 Angelo
2002 4344 2080 4408 de
2118 4342 2367 4425 Padua‚
2409 4342 2625 4425 legum
2656 4341 2900 4421 doctor,
2932 4360 3044 4422 per

498 4446 826 4510 dominum
864 4453 1155 4511 nostrum
1188 4447 1523 4512 Urbanum
1554 4471 1795 4533 papam
1831 4449 1970 4532 VI„
2018 4449 2170 4513 licet
2216 4455 2389 4514 esset
2434 4449 2688 4530 absens,
2739 4453 2806 4512 et
2849 4446 3044 4511 voluit

680 4627 691 4656 ¹
736 4626 1095 4680 Unleserlich.
1169 4627 1277 4680 Die
1315 4627 1519 4681 schrift
1553 4647 1696 4699 ganz
1732 4626 2002 4685 verblasst.
