3242 5184
1384 195 1810 269 ÷87-

587 423 1222 509 Archiepiscopis
1290 431 1364 491 et
1429 428 1858 511 episcopiS‚
1926 427 2384 512 aabbatibuS,
2447 427 2872 511 prioribuS,

675 530 1019 614 decaniS,
1069 532 1123 619 11
1172 533 1748 599 archidiaconis
1797 541 1871 600 et
1914 536 2097 617 alijs
2153 536 2659 600 ecclesiarum
2705 557 2873 620 pre-

676 639 893 721 latis,
943 639 1036 704 ad
1084 661 1273 723 quos
1321 641 1589 707 littere
1636 643 1788 706 iste
1833 644 2355 726 pervenerint.
2467 641 2470 644 ’

496 780 843 864 Querelam
900 803 1162 865 gravem
1208 785 1570 867 recepimus
1618 783 2002 849 dilectorum
2050 783 2329 850 filiorum
2375 785 2652 850 fratrum
2696 785 2872 855 Iero-

310 888 671 954 solimitani
736 889 1107 972 hospitaliS,
1175 912 1372 972 quam
1437 912 1552 974 pre
1611 891 2058 974 magnitudine
2123 893 2309 977 culpe
2374 914 2451 957 ac
2513 914 2874 978 pauperum

310 995 655 1079 dispendio
714 995 1123 1062 dissimulare
1187 1018 1307 1062 nec
1372 999 1667 1063 volumus
1732 1020 1850 1064 nec
1914 999 2224 1064 debemus
2239 1000 2282 1065 2.
2384 999 2875 1084 Proposuerunt

309 1103 638 1186 siquidem
692 1103 981 1168 iamdicti
1029 1103 1293 1185 fratreS,
1361 1106 1562 1187 quod,
1631 1127 1778 1170 cum
1816 1129 1935 1197 pro
1981 1106 2348 1190 confratrijs
2396 1114 2462 1172 et
2507 1104 2872 1173 elemosinis

308 1231 675 1294 pauperum
721 1212 1128 1293 requirendis
1175 1214 1358 1277 iuxta
1404 1214 1938 1278 consuetudinem
1972 1236 2158 1277 suam
2191 1217 2582 1279 auctoritate
2614 1222 2872 1298 aposto-

307 1318 442 1382 lica
486 1315 934 1383 confirmatam
982 1318 1065 1384 ad
1112 1319 1419 1384 ecclesias
1477 1320 1908 1403 quorumdam
1967 1321 2476 1403 presbiterorum
2535 1320 2870 1403 accedunt,

310 1445 424 1489 eos
470 1427 759 1508 recipere
806 1425 1035 1490 nolunt
1066 1427 1200 1508 sed,
1250 1426 1424 1510 quod
1454 1429 1716 1509 gravius
1749 1434 1867 1508 est,
1917 1428 1999 1492 ab
2034 1428 2324 1511 ecclesijs
2355 1429 2514 1511 ipsis
2545 1427 2870 1512 predictos

309 1531 548 1597 fratres
597 1535 805 1597 eicere
852 1554 980 1597 non
1028 1539 1350 1616 verentur,
1400 1556 1545 1598 cum
1566 1534 1583 1623 ΕΙ
1604 1534 1917 1599 deberent
1963 1556 2073 1599 eos
2122 1535 2399 1617 benigne
2432 1557 2509 1600 ac
2539 1537 2871 1620 pacienter
2908 1550 3027 1604 Pol.
3069 1550 3186 1605 46¹³.

310 1639 540 1704 audire
598 1646 663 1705 et
716 1640 1180 1723 parrochianos
1244 1663 1393 1705 suos
1441 1641 1523 1705 ad
1572 1640 1995 1706 conferendas
2041 1642 2437 1726 pauperibus
2476 1643 2870 1709 ‘elemosinas

310 1746 627 1811 attentius
675 1748 1022 1812 exhortari.
1100 1747 1374 1813 Accedit
1404 1748 1489 1813 ad
1534 1748 1675 1830 hec,
1724 1749 1901 1832 quod
1930 1748 2128 1833 ijdem
2158 1750 2504 1833 presbiteri
2542 1749 2869 1833 quandam

308 1860 564 1939 partem
614 1854 1111 1920 elemosinarum
1157 1876 1518 1939 pauperum
1565 1858 1832 1939 exigunt
1875 1856 2286 1940 impudenter
2351 1863 2453 1940 et,
2503 1863 2576 1922 ut
2620 1859 2873 1941 possint

310 1969 720 2044 extorquere,
770 1963 942 2045 quod
973 1970 1270 2045 poscunt,
1317 1962 1766 2047 parrochianis
1799 1965 1933 2028 suis
1964 1964 2470 2054 reclamantibus
2508 1986 2870 2048 pauperum

309 2069 699 2151 obsequium
744 2070 1060 2153 impedire
1091 2093 1209 2154 pro
1242 2092 1359 2136 sue
1390 2070 1744 2135 voluntatis
1777 2071 2048 2136 arbitrio
2079 2092 2210 2136 non
2242 2070 2610 2137 formidant.
2658 2070 2867 2153 Unde,

310 2178 621 2259 quoniam
668 2183 923 2241 tantum
978 2177 1416 2262 predictorum
1470 2177 1746 2243 fratrum
1800 2198 2147 2261 gravamen
2204 2185 2270 2243 et
2322 2200 2684 2262 pauperum
2739 2179 2868 2244 dis-

307 2282 620 2368 pendium
669 2284 907 2349 clausis
957 2306 1084 2349 non
1132 2284 1462 2350 debemus(
1489 2285 1693 2350 oculis
1741 2287 2138 2368 pertransire
2160 2335 2176 2367 ,
2237 2286 2474 2368 quibus
2523 2307 2601 2351 ex
2649 2284 2868 2351 debito

307 2392 660 2475 pastoralis
725 2389 913 2457 offitii
969 2395 1401 2476 patrocinium
1457 2400 1753 2457 tenemur
1819 2398 2045 2457 contra
2110 2394 2395 2457 omnium
2452 2393 2867 2458 insolentiam

308 2500 650 2582 impertiri,
699 2500 1106 2565 universitati
1153 2506 1365 2565 vestre
1397 2521 1514 2584 per
1547 2499 1906 2584 apostolica
1953 2501 2197 2584 scripta
2242 2499 2627 2565 mandamus
2671 2506 2868 2583 atque

307 2607 731 2689 precipimuS,
791 2609 1096 2689 quatinus
1152 2608 1468 2673 universis
1515 2608 1896 2690 presbiteris
1944 2613 2156 2671 vestre
2202 2609 2509 2690 potestati
2557 2608 2867 2673 subiectis

309 2713 432 2778 sub
466 2734 634 2796 pena
665 2712 850 2797 offitij
888 2720 955 2779 et
984 2714 1270 2798 benefitij
1305 2715 1682 2798 iniungatis,
1731 2720 1805 2779 ut
1840 2714 2166 2798 predictos
2214 2714 2471 2797 fratreS,
2519 2715 2866 2785 dummodo

304 2820 544 2904 ydonei
593 2827 660 2886 et
705 2819 873 2886 bone
921 2822 1242 2906 opinionis
1291 2823 1595 2904 existant,
1644 2823 1712 2886 in
1761 2821 2051 2905 ecclesijs
2099 2822 2234 2888 suis
2283 2822 2367 2887 ad
2414 2844 2574 2907 opus
2624 2840 2865 2909 paupe-

306 2950 453 2993 rum
519 2927 855 3011 predicare
920 2935 985 2994 et
1046 2928 1430 2995 elemosinas
1496 2951 1769 3013 querere
1791 2980 1807 3012 ,
1873 2929 2056 2994 iuxta
2115 2929 2288 3012 quod
2347 2930 2440 2995 eis
2508 2930 2867 3014 apostolica

308 3035 497 3100 sedes
543 3034 833 3117 indulsit,
882 3037 1020 3100 sine
1067 3037 1360 3120 qualibet
1401 3036 1914 3102 contradictione
1966 3037 2368 3119 permittant,
2418 3037 2600 3103 salva
2648 3036 2864 3103 mode-

307 3142 561 3207 ratione
600 3143 852 3226 concilij
895 3143 1236 3226 generalis,
1284 3162 1404 3209 nec
1451 3144 1740 3227 aliquid3
1785 3144 1869 3208 ab
1918 3144 2010 3208 eis
2059 3144 2315 3226 exigere
2346 3145 2447 3209 vel
2479 3151 2866 3227 extorquere

307 3255 709 3333 presumant.
789 3249 858 3314 Si
900 3272 1071 3332 vero,
1125 3250 1538 3335 postmodum
1579 3251 1659 3315 de
1690 3250 2014 3316 iamdictis
2054 3251 2434 3334 presbiteris
2476 3252 2559 3317 ad
2600 3252 2864 3317 audien·

306 3358 468 3422 tiam
516 3363 798 3422 vestram
846 3358 1114 3441 querela
1160 3358 1583 3442 pervenerit4,
1642 3359 1710 3422 in
1756 3363 2273 3441 transgressores
2321 3359 2611 3443 precepti
2657 3361 2865 3425 nostri

306 3465 492 3529 iuxta
536 3464 800 3529 modum
847 3465 1034 3548 culpe
1079 3466 1301 3530 taliter
1330 3465 1692 3546 vindicetis,
1741 3464 1916 3549 quod
1949 3486 2058 3531 eos
2091 3488 2205 3531 sue
2250 3467 2640 3532 temeritatis
2685 3467 2863 3550 peni-

307 3578 445 3637 teat
502 3577 569 3637 et
623 3570 857 3637 fratres
912 3594 1029 3656 pro
1090 3572 1344 3637 defectu
1398 3574 1655 3638 iusticie
1710 3595 1836 3640 non
1892 3580 2208 3657 cogantur
2253 3573 2336 3639 ad
2383 3579 2673 3640 nostram
2720 3595 2863 3657 pre-

308 3679 585 3744 sentiam
628 3677 950 3745 laborare.
1034 3680 1342 3744 Pervenit
1387 3687 1685 3764 preterea
1731 3681 1815 3746 ad
1863 3680 2263 3746 audientiam
2309 3686 2620 3764 nostram,
2666 3681 2862 3764 quod,

308 3786 362 3851 si
428 3786 688 3870 quando
750 3786 1162 3870 parrochiani
1217 3789 1415 3852 vestri
1462 3787 1734 3872 prefatis
1781 3787 2094 3854 fratribus
2142 3788 2223 3853 de
2268 3789 2463 3854 rebus
2512 3789 2647 3854 suis
2694 3789 2864 3873 quit-

307 3914 505 3978 quam
550 3894 618 3958 in
658 3892 1055 3960 'testamento
1087 3895 1483 3978 relinquunt,
1521 3895 1795 3961 heredes
1828 3918 2051 3961 eorum
2081 3894 2185 3960 vel
2214 3895 2331 3979 illi,
2381 3895 2493 3979 qui
2536 3917 2641 3961 res
2662 3894 2666 3897 ’
2687 3896 2864 3980 ipsas

306 4022 505 4086 penes
564 4021 633 4066 se
690 4000 935 4067 habent
956 4052 971 4083 ,
1038 4000 1250 4086 ipsum
1308 4003 1595 4086 legatum
1656 4004 1747 4069 eis
1809 4005 2059 4070 solvere
2117 4001 2587 4069 contradicunt.
2693 4001 2865 4086 Quia

487 4217 506 4248 ¹
543 4216 640 4271 Bis
677 4218 900 4272 decanis
937 4215 1345 4273 einschliesslich
1382 4222 1454 4274 ist
1479 4220 1568 4274 die
1592 4206 1941 4275 Uberschrift
1964 4219 2069 4274 auf
2086 4219 2186 4274 das
2212 4217 2683 4274 unbeschriebene
2705 4218 2864 4275 Ende

306 4308 405 4362 der
440 4307 644 4361 letzten
679 4306 830 4362 Zeile
868 4307 964 4363 des
999 4307 1488 4378 vorhergehenden
1524 4307 1882 4363 Abschnittes
1917 4314 2128 4379 gesetzt
2162 4308 2403 4364 worden.
2597 4308 2620 4341 ⁹
2655 4306 2863 4364 Hierzu

306 4415 395 4452 am
422 4395 637 4464 Raude,
675 4398 777 4450 mit
800 4395 1121 4452 Ausnahme
1157 4416 1269 4453 von
1306 4396 1483 4466 „Cum
1521 4397 1788 4467 dilectis“‚
1825 4399 1883 4451 in
1918 4403 2067 4454 roter
2102 4397 2308 4453 Sehrift
2342 4398 2442 4453 der
2465 4397 2687 4452 Zusatz:
2724 4396 2863 4454 Hec

308 4486 647 4557 dependet
695 4504 730 4540 a
774 4488 1112 4556 superiori
1150 4485 1312 4542 Cum
1349 4486 1627 4541 dilectis
1663 4492 1781 4542 etc.
1822 4489 2005 4557 quia,
2043 4488 2179 4542 nisi
2215 4487 2341 4542 illa
2376 4488 2597 4556 detur,
2644 4489 2905 4557 primo..

304 4575 421 4631 hec
458 4576 564 4631 loc
576 4594 844 4652 umen-on
879 4575 1099 4632 habet.
1227 4576 1250 4607 ³
1268 4576 1305 4630 d
1324 4594 1435 4632 von
1451 4581 1699 4646 spaterer
1716 4575 1884 4631 Hand
1906 4594 2006 4633 aus
2023 4595 2065 4632 s.
2185 4577 2208 4608 ⁴
2226 4575 2464 4632 Hdschr.
2488 4577 2860 4647 pervenerint.
