3242 5184
1537 282 2026 345 -154--

510 466 643 524 tem
688 459 883 540 tales,
946 464 1291 541 postquam
1342 456 1426 522 ab
1477 457 1751 522 ecclesia
1800 455 2041 520 fuerint
2090 451 2400 532 denotati,
2453 450 2680 515 evitari
2737 456 3037 531 contemp-

511 567 747 647 serint,
836 564 1515 630 excommunicationis
1595 563 1917 628 sententia
1987 559 2420 644 percellantur
2440 607 2455 638 ,
2534 557 2696 621 alias
2774 555 3039 620 animad-

509 673 800 737 versione
847 670 1067 736 debita
1110 671 1436 756 puniendi.
1532 668 1660 752 Qui
1706 675 1924 734 autem
1954 667 2196 732 inventi
2242 665 2482 729 fuerint
2528 663 2668 729 sola
2708 663 3042 744 suspitione

509 778 864 859 notabiles,
931 778 1057 842 nisi
1102 778 1284 841 iuxta
1331 770 1913 842 considerationem
1959 779 2067 859 (et)
2133 772 2507 855 suspitionis
2553 770 3042 853 qualitatemque

508 907 782 969 persone
844 885 1173 969 propriam
1235 883 1670 947 innocentiam
1742 902 2028 965 congrua
2097 880 2480 964 purgatione
2544 876 3043 956 monstraverint,

511 993 941 1058 anathematis
989 990 1203 1074 gladio
1250 989 1565 1055 feriantur
1621 995 1687 1054 et
1741 1009 1950 1071 usque
1998 986 2081 1052 ad
2130 985 2635 1051 satisfactionem
2683 984 3047 1065 condignam

511 1100 596 1165 ab
660 1099 962 1165 omnibus
1015 1098 1356 1178 evitentur,
1405 1097 1501 1161 ita
1547 1097 1742 1178 quod,
1793 1098 1848 1161 si
1882 1117 1999 1180 per
2034 1115 2275 1159 annum
2306 1094 2373 1157 in
2405 1091 3049 1157 excommunicatione

510 1207 935 1291 perstiterint,
985 1211 1220 1270 extunc
1274 1205 1451 1269 velut
1504 1203 1774 1267 heretici
1831 1201 2401 1286 condempnentur.
2495 1199 2664 1263 Item
2710 1197 3048 1281 proclama—

509 1315 718 1378 tiones
775 1318 840 1377 et
893 1312 1359 1396 appellationes
1415 1311 1844 1397 huius[modi]
1902 1329 2325 1394 personarum
2380 1307 2643 1371 minime
2701 1303 3049 1369 audiantur.

509 1420 676 1485 Item
709 1419 975 1501 iudiceS,
1025 1417 1321 1482 advocati
1368 1423 1433 1482 et
1477 1418 1713 1501 notarij
1766 1417 1929 1481 nulli
1985 1436 2208 1480 eorum
2256 1412 2541 1479 officium
2588 1433 2779 1476 suum
2823 1411 3051 1495 impen-

515 1527 699 1605 dant3
766 1526 1053 1607 alioquin
1122 1524 1348 1589 eodem
1400 1524 1624 1589 ‘officio
1690 1529 2005 1608 perpetuo
2072 1524 2201 1586 sint
2262 1520 2519 1604 privati.
2619 1518 2790 1584 Item
2853 1517 3056 1582 clerici

510 1655 638 1697 non
695 1632 1043 1697 exhibeant
1113 1631 1540 1717 huius[modi]
1614 1629 2071 1715 pestilentibus
2138 1628 2577 1694 ecclesiastica
2641 1630 3055 1705 sacramenta,

508 1760 629 1804 nec
675 1740 1057 1804 elemosinas
1104 1743 1218 1803 aut
1263 1737 1621 1803 oblationes
1671 1758 1894 1801 eorum
1940 1736 2262 1820 accipiant
2293 1733 2590 1799 similiter
2618 1732 3058 1818 Hospitalarij,

510 1845 857 1931 Templarij
894 1867 969 1910 ac
1001 1844 1274 1927 quilibet
1303 1845 1653 1928 regularis3
1689 1843 1977 1926 alioquin
2016 1864 2132 1907 suo
2163 1842 2498 1925 priventur
2539 1838 2760 1923 offitio,
2782 1840 2866 1904 ad
2896 1840 3061 1923 quod

510 1961 864 2036 numquam
901 1953 1329 2017 restituantur
1360 1951 1606 2034 absque
1638 1950 1889 2016 indulto
1938 1949 2110 2015 sedis
2153 1949 2505 2032 apostolice
2538 1948 2823 2032 speciali.
2899 1946 3059 2011 Item

511 2062 901 2143 quicumque
932 2060 1097 2124 tales
1143 2060 1657 2143 presumpserint
1702 2057 2137 2122 ecclesiastice
2181 2054 2440 2120 tradere
2472 2055 2821 2140 sepulture,
2863 2074 3060 2138 usque

511 2168 595 2232 ad
643 2166 1154 2232 satisfactionem
1198 2165 1517 2249 ydoneam
1565 2163 2245 2230 excommunicationis
2295 2162 2613 2227 sententie
2659 2183 2728 2227 se
2773 2161 3064 2227 noverint

512 2274 846 2339 subiacere
891 2294 1012 2338 nec
1059 2272 1487 2338 absolutionis
1536 2271 1922 2337 beneficium
1952 2275 2343 2351 mereantur,
2392 2270 2520 2332 nisi
2551 2269 2831 2353 proprijs
2862 2267 3060 2332 mani-

510 2382 633 2446 bus
675 2381 1078 2445 extumulent
1106 2379 1364 2463 publice
1398 2385 1465 2444 et
1493 2380 1808 2464 proitiant
1841 2377 2211 2442 huiusmodi
2242 2397 2518 2460 corpora
2549 2375 3061 2459 dampnatorum,

511 2494 577 2552 et
628 2488 807 2552 locus
863 2486 973 2551 ille
1031 2492 1344 2570 perpetuo
1400 2490 1622 2550 careat
1677 2484 2030 2569 sepultura.
2132 2481 2300 2548 Item
2353 2482 2627 2547 firmiter
2679 2481 3062 2560 inhibemuS,

391 2593 394 2597 ’
511 2615 591 2659 ne
649 2595 952 2677 cuiquam
1004 2593 1187 2675 layco
1241 2592 1434 2657 liceat
1485 2591 1743 2675 publice
1789 2591 1891 2656 vel
1935 2591 2240 2674 privatim
2286 2589 2365 2654 de
2410 2588 2538 2654 fide
2576 2572 2895 2655 catholica
2938 2588 3063 2652 dis-

197 3341 313 3397 Fol.
354 3346 420 3396 79
431 3340 471 3395 ¹³.

510 2705 760 2784 putare.
847 2697 974 2781 Qui
1004 2719 1155 2763 vero
1188 2697 1661 2785 contrafecerit,
1695 2697 2374 2764 excommunicationis
2405 2697 2641 2778 laqueo
2670 2696 3064 2760 innodetur.1

510 2807 678 2871 Item
725 2807 781 2870 si
827 2807 973 2889 quis
1020 2806 1339 2871 hereticos
1389 2806 1649 2870 sciverit
1694 2805 1795 2870 vel
1840 2805 2093 2887 aliquos
2142 2803 2396 2868 occulta
2427 2803 2874 2868 conventicula
2907 2803 3061 2866 cele-

511 2914 774 2978 brantes
816 2933 930 2977 seu
972 2935 1012 2977 a
1049 2913 1375 2977 communi
1410 2913 1896 2977 conversatione
1927 2910 2215 2976 fidelium
2258 2912 2392 2974 vita
2438 2916 2503 2974 et
2547 2910 2835 2975 moribus
2885 2910 3062 2975 dissi-

512 3020 757 3102 denteS,
798 3041 915 3104 ‚eos
964 3018 1223 3085 studeat
1251 3019 1538 3103 indicare
1586 3018 1938 3084 confessori
1985 3040 2101 3083 suo
2147 3017 2250 3082 vel
2295 3017 2427 3101 alij,
2475 3039 2593 3101 per
2622 3038 2815 3100 quem
2847 3017 3065 3081 credat·

513 3125 596 3190 ad
654 3127 888 3209 prelati
945 3128 1047 3191 sui
1103 3126 1409 3191 noticiam
1453 3127 1814 3209 pervenire;
1863 3125 2152 3206 alioquin
2198 3124 2878 3189 excommunicationis
2928 3145 3062 3190 sen-

511 3233 754 3297 tentia2
816 3233 1235 3316 percellatur,
1304 3231 1418 3316 filij
1488 3238 1707 3297 autem
1772 3232 2234 3312 hereticorum,
2302 3237 2780 3314 receptatorum
2836 3236 2903 3295 et
2960 3230 3061 3294 de-

511 3338 840 3403 fensorum
887 3361 1110 3405 eorum
1155 3361 1363 3422 usque
1411 3339 1491 3404 ad
1542 3338 1895 3404 secundam
1939 3339 2422 3422 generationem
2478 3337 2562 3403 ad
2606 3338 2858 3402 nullum
2900 3342 2926 3422 ΙΙ
2969 3358 3061 3402 ec-

512 3445 946 3510 clesiasticum
1010 3444 1293 3510 officium
1358 3467 1474 3511 seu
1537 3444 1923 3511 beneficium
1983 3444 2429 3510 admittantur.
2524 3442 2715 3526 Quod
2770 3446 2827 3509 si
2881 3466 3060 3509 secus

512 3558 730 3618 actum
776 3551 990 3634 fuerit,
1039 3553 1444 3618 decernimus
1489 3554 1748 3617 irritum
1795 3558 1860 3617 et
1903 3552 2096 3617 inane
2144 3558 2269 3619 etc.

775 3783 1059 3850 Forma
1105 3783 1338 3848 dandi
1384 3783 1745 3867 palleum.

688 3944 794 4009 Ad
850 3944 1159 4009 honorem
1220 3943 1322 4009 dei
1379 3945 1837 4028 omnipotentis
1894 3949 1959 4008 et
2004 3942 2193 4008 beate
2238 3941 2444 4007 Marie
2490 3944 2754 4025 virginis
2803 3948 2870 4006 et
2914 3941 3053 4006 bea-

510 4061 724 4117 torum
789 4050 1232 4135 apostolorum
1294 4050 1475 4115 Petri
1540 4056 1606 4115 et
1668 4050 1859 4115 Pauli
1923 4056 1990 4118 et
2070 4050 2312 4114 domini
2381 4071 2548 4134 pape
2624 4049 2920 4132 Gregorij
2996 4051 3054 4109 et

510 4160 802 4223 Romane
859 4158 1127 4222 ecclesie
1183 4178 1432 4222 necnon
1488 4157 1758 4222 ecclesie
1821 4156 1943 4221 tibi
2010 4159 2351 4222 commisse
2397 4156 2712 4222 tradimus
2758 4155 2881 4220 tibi
2926 4152 3049 4238 pal-

509 4266 684 4331 leum
723 4266 804 4330 de
836 4285 1105 4349 corpore
1150 4263 1326 4329 beati
1370 4265 1552 4329 Petri
1598 4269 1949 4349 sumptum,
1997 4263 2463 4348 plenitudinem
2508 4263 2808 4328 videlicet
2853 4259 3048 4346 ponti-

511 4372 716 4437 ficalis
773 4371 994 4455 offitij,
1049 4377 1124 4435 ut
1176 4372 1381 4436 utaris
1438 4393 1513 4437 eo
1570 4370 1743 4435 infra
1787 4371 2128 4435 ecclesiam
2181 4376 2362 4435 tuam
2409 4371 2602 4435 certis
2652 4369 2900 4451 diebuS,
2946 4365 3046 4450 qui

513 4480 957 4563 exprimuntur
1000 4478 1068 4542 in
1113 4477 1465 4562 privilegijs
1513 4477 1595 4542 ab
1645 4478 2001 4561 apostolica
2047 4479 2106 4541 ei
2155 4478 2305 4542 sede
2353 4479 2697 4546 concessis,

692 4641 710 4672 ¹
748 4640 980 4695 Hdschr.
1018 4639 1329 4695 innodatur.
1547 4640 1568 4673 ²
1605 4639 1839 4696 Hdschr.
1878 4642 2226 4697 sententiam.
