3242 5184
1197 289 1283 294 ---
1376 249 1505 314 205
1595 288 1684 295 -

182 424 319 489 dicti
380 425 632 489 domini
690 426 894 489 nostri
951 446 1120 508 pape
1179 424 1421 490 directe
1480 425 1582 490 vel
1627 424 1940 491 indirecte
1988 426 2273 510 aliquam
2318 426 2603 492 litteram
2651 428 2719 491 in

180 531 337 595 dicta
384 531 783 596 cancellaria
829 553 1175 614 procurare
1221 537 1556 615 presumat
1575 531 1619 613 1,
1669 530 1790 596 sub
1837 553 2025 615 pena.

335 637 514 703 Item
563 640 758 704 etiam
806 638 980 721 quod
1025 638 1240 705 nullus
1288 640 1575 722 ipsorum
1623 639 2009 721 scriptorum
2062 660 2175 705 seu
2209 642 2405 706 etiam
2435 640 2726 706 abrevia-

177 749 373 808 torum
421 745 716 828 aliquam
763 746 1049 810 litteram
1094 747 1160 809 in
1209 745 1598 811 cancellaria
1645 767 1884 828 ponere
1930 753 2264 830 presumat
2283 797 2299 830 ,
2365 748 2492 812 nisi
2546 748 2727 832 prius

177 849 340 915 illam
387 850 675 917 Iohanni
722 852 1114 918 Chambonis
1173 859 1504 935 presentet
1559 854 1661 918 vel
1717 854 1844 936 illi,
1908 855 2022 936 qui
2078 855 2255 937 ipsas
2313 854 2564 920 litteras
2609 876 2728 937 pro

172 963 452 1043 tempore
486 961 557 1024 in
589 959 979 1025 cancellaria
1009 959 1435 1043 conservabit,
1468 961 1592 1026 nisi
1626 961 1789 1025 alias
1826 962 2087 1026 racione
2120 962 2220 1025 sui
2251 961 2441 1045 officij
2484 961 2730 1027 eisdem

171 1072 422 1148 portare
474 1073 822 1151 spectaret,
871 1066 992 1132 sub
1038 1088 1226 1150 pena.

332 1172 513 1239 Item
546 1174 719 1256 quod
750 1173 966 1239 nullus
998 1173 1436 1257 predictorum
1468 1173 1723 1239 litteras
1755 1176 1822 1238 in
1861 1175 2073 1257 prima
2116 1176 2360 1241 visione
2408 1177 2730 1258 corrigere

46 1298 47 1365 ‡
170 1298 275 1341 nec
312 1280 521 1345 etiam
571 1281 828 1363 signare
873 1286 1233 1363 presumat,
1298 1281 1424 1345 nisi
1477 1281 1573 1345 illi
1630 1281 1995 1363 dumtaxat,
2063 1282 2174 1363 qui
2228 1303 2345 1365 per
2400 1282 2729 1347 dominum

46 1372 49 1409 ³
169 1386 768 1453 vicecancellarium
831 1388 1115 1452 instituti
1178 1386 1443 1452 fuerunt
1505 1394 1621 1453 aut
1683 1395 1909 1471 erunt,
1975 1394 2051 1452 ut
2111 1389 2290 1471 ipsas
2344 1388 2599 1454 litteras
2661 1389 2729 1453 in

167 1494 368 1574 prima
415 1495 670 1562 visione
718 1495 1116 1577 corrigerent
1159 1500 1227 1559 et
1269 1494 1581 1577 viderent,
1633 1494 1754 1560 sub
1800 1516 2001 1579 pena.

333 1600 511 1667 Item
569 1601 743 1684 quod
796 1601 1051 1667 nullus²
1105 1601 1494 1685 scriptorum
1549 1623 1664 1666 seu
1720 1601 2201 1667 abreviatorum
2249 1600 2333 1666 ad
2379 1602 2729 1667 secundam

42 1750 45 1773 i
165 1704 534 1772 litterarum
579 1708 893 1773 visionem
939 1707 1244 1773 accedere
1289 1714 1627 1791 presumat
1669 1708 1796 1772 nisi
1840 1713 2128 1790 vocatuS,
2179 1708 2299 1774 sub
2344 1730 2531 1791 pena.

338 1818 365 1898 ΙΙ
401 1813 575 1879 Die³
622 1815 852 1881 ultima
881 1813 1224 1898 Februarij
1260 1814 1679 1898 pontificatus
1715 1814 1958 1880 domini
1988 1816 2195 1880 nostri
2242 1814 2486 1879 domini
2530 1815 2726 1879 Boni·
2786 1814 2903 1870 Fol.
2929 1819 3029 1870 108
3041 1820 3080 1869 ⁸·

42 1928 45 1955 ἱ
169 1916 301 1984 fatii
345 1942 526 2006 pape
556 1920 779 1986 VIIII.
824 1943 993 1986 anno
1039 1920 1214 1986 XII0
1249 1923 1375 1986 tuit
1416 1928 1716 2005 receptus
1761 1923 1828 1986 in
1877 1922 2239 1986 auditorem
2284 1922 2453 1985 sacri
2497 1922 2723 2005 palatij

168 2029 482 2110 magister
542 2027 1038 2093 Bartholomeus
1104 2029 1184 2093 de
1246 2029 1485 2111 Prato,
1553 2029 1960 2094 decretorum
2034 2029 2293 2110 doctor,
2362 2034 2426 2092 et
2492 2029 2731 2093 iuravit

40 2146 41 2149 ’
171 2130 407 2198 dictum
463 2133 746 2200 officium
790 2136 858 2198 in
905 2134 1205 2201 manibus
1253 2136 1412 2200 meis
1458 2135 1535 2201 B.
1584 2135 1923 2201 Francisci
1969 2141 2088 2200 etc.

343 2247 370 2326 ΙΙ
407 2242 604 2307 Anno
636 2240 1124 2307 MCCGLXXX
1153 2243 1466 2326 magister
1495 2241 1865 2307 Ludovicus
1912 2242 1991 2308 de
2027 2241 2314 2307 Forlivio
2362 2240 2730 2305 abreviator
2783 2241 3078 2297 Fol.110b.

170 2344 408 2414 iuravit
476 2369 646 2413 anno
710 2348 819 2413 ΠΟ
884 2349 987 2413 die
1051 2349 1171 2414 XI.
1238 2348 1619 2415 Decembris
1693 2348 2109 2433 pontificatus
2175 2347 2417 2413 domini
2480 2345 2729 2412 Urbani

169 2472 330 2536 pape
378 2453 502 2521 VI.
552 2477 721 2520 anno
767 2457 989 2521 tercio.

342 2563 543 2627 Anno
607 2561 754 2626 1110
820 2563 922 2627 die
968 2561 1048 2628 V.
1096 2562 1323 2646 Marcij
1393 2584 1561 2627 anno
1626 2562 1770 2627 ΠΙΟ
1815 2563 2126 2646 magister
2187 2561 2591 2653 Beneincasa
2652 2559 2732 2625 de

170 2664 367 2733 Prato
422 2717 438 2733 .
475 2717 489 2733 .
528 2674 582 2732 ‚4
631 2668 753 2733 fuit
796 2675 1095 2754 receptus
1140 2671 1207 2734 in
1254 2670 1723 2736 abreviatorem
1771 2676 1837 2735 et
1878 2671 2133 2735 iuravit.

347 2776 543 2841 Anno
591 2774 770 2840 ΙΠΙΟ
817 2775 920 2841 die
965 2775 1116 2841 XX.
1157 2776 1402 2861 Aprilis
1449 2779 1759 2860 magister
1802 2776 2038 2901 Petrus
2099 2777 2178 2841 de
2225 2775 2554 2841 Foroiulio
2613 2775 2735 2839 fuit

174 2890 473 2966 receptus
520 2883 588 2945 in
635 2880 1104 2948 abreviatorem
1152 2889 1219 2949 et
1260 2885 1514 2949 iuravit.

338 2989 670 3072 Receptus
716 2988 840 3053 fuit
884 3012 1074 3073 ann0,
1123 3012 1249 3072 quo
1292 3013 1506 3075 supra,
1556 2991 1662 3055 die
1695 3012 1843 3056 vero
1874 2990 1994 3056 XI.
2031 2989 2428 3074 Septembris
2460 2990 2732 3074 Egidius

174 3091 465 3177 Wynans
518 3097 586 3160 in
641 3095 1110 3162 abreviatorem
1163 3119 1280 3180 per
1335 3097 1666 3162 dominum
1726 3098 2321 3164 vicecancellarium
2367 3104 2434 3162 et
2477 3098 2729 3162 iuravit.

350 3203 681 3286 Receptus
736 3204 858 3268 fuit
903 3226 1100 3286 ann0,
1149 3226 1276 3287 quo
1322 3226 1546 3287 supra,
1597 3205 1700 3269 die
1737 3203 1929 3269 XIII.
1980 3204 2379 3287 Septembris
2426 3203 2731 3269 Turibius

175 3304 529 3392 Fernandi,
580 3310 860 3376 decanus
907 3309 1282 3393 Ispalensis,
1331 3312 1398 3374 in
1445 3311 1918 3375 abreviatorem
1965 3310 2045 3375 de
2093 3312 2366 3375 iusticia.

351 3416 480 3482 Die
525 3414 742 3483 XVII.
794 3417 1094 3484 Octobris
1140 3415 1661 3482 MOOCLXXXI
1722 3416 1846 3481 fuit
1897 3424 2195 3501 receptus
2243 3416 2605 3501 Stephanus
2653 3417 2732 3481 de

177 3522 420 3604 Aquila
495 3525 562 3588 in
639 3524 1110 3591 abreviatorem
1174 3545 1290 3607 per
1356 3524 1684 3589 dominum
1750 3524 2346 3589 vicecancellarium
2423 3531 2489 3589 et
2562 3525 2732 3589 iura-

177 3627 268 3692 vit
313 3637 436 3696 etc.

355 3736 522 3802 Item
571 3737 673 3803 die
720 3738 874 3804 XII.
923 3738 1303 3804 Novembris
1352 3738 1507 3803 dicti
1554 3740 1708 3803 anni
1753 3744 2052 3821 receptus
2096 3737 2221 3802 fuit
2265 3736 2607 3821 Gerungus
2654 3738 2733 3801 de

180 3838 609 3928 Swaninghen
640 3867 758 3929 per
788 3845 1114 3911 dominum
1147 3846 1745 3911 vicecancellarium
1777 3845 2136 3929 predictum
2167 3846 2234 3909 in
2266 3843 2734 3910 abreviatorem

177 3945 538 4016 litterarum
585 3952 1106 4036 apostolicarum.

354 4057 525 4123 Item
589 4058 693 4124 die
756 4058 948 4123 XIII.
996 4057 1280 4144 Ianuarij
1349 4059 1640 4125 Lazarus
1705 4060 1785 4124 de
1848 4060 2057 4143 Papia
2119 4064 2416 4142 receptus
2481 4057 2604 4122 fuit
2666 4059 2732 4122 in

183 4162 649 4231 abreviatorem
677 4165 1038 4230 litterarum
1071 4167 1569 4249 apostolicarum
1600 4187 1718 4250 per
1765 4166 2093 4230 dominum
2138 4165 2733 4231 vicecancellarium

184 4274 248 4333 et
287 4272 525 4337 iuravit
569 4279 688 4342 etc.

360 4523 378 4554 ¹
415 4521 650 4578 Hdschr.
675 4528 1012 4592 presumant.
1121 4521 1144 4553 ²
1179 4522 1337 4579 Naeh
1372 4522 1559 4579 nullus
1595 4525 1668 4577 ist
1704 4524 1879 4577 eciam
1914 4523 2129 4593 getilgt.
2238 4521 2260 4554 ³
2296 4521 2523 4577 Andere
2546 4522 2733 4592 Hand,

185 4622 291 4662 von
328 4610 428 4665 der
464 4611 552 4667 die
590 4613 822 4666 meisten
860 4612 958 4665 der
981 4611 1246 4684 Eintrage
1286 4611 1390 4666 auf
1419 4612 1529 4669 den
1563 4613 1769 4667 letzten
1793 4610 1978 4666 Seiten
2014 4612 2356 4666 herriihrten.
2466 4611 2488 4642 ⁴
2526 4611 2733 4666 Lticke.
