3242 5184
1543 338 1643 371 .—
1735 300 1865 362 232
1957 339 2043 346 —

521 499 672 561 pars
718 500 1114 562 prosequens
1162 482 1579 560 attemptata,
1630 476 1685 540 si
1731 475 2033 540 habuerit
2077 476 2253 558 iura,
2301 477 2416 541 illa
2459 477 2754 560 producit
2797 479 2877 543 ad
2919 502 3051 563 pro-

521 585 806 649 bandum
861 586 1227 650 huiusmodi
1274 589 1680 668 attemptata,
1739 589 1854 647 aut
1897 584 2133 648 citetur
2187 583 2317 648 alia
2361 605 2514 667 pars
2571 592 2683 649 aut
2727 585 3054 668 prefigetur

521 693 580 756 ei
643 694 957 758 terminus
1022 693 1106 758 ad
1170 691 1512 756 dicendum
1578 695 1807 754 contra
1867 690 2236 756 huiusmodi
2289 692 2606 775 producta
2662 692 2743 756 ad
2797 694 3050 776 primam

521 798 710 881 diem,
761 799 991 864 deinde
1039 804 1376 882 acceptato
1425 801 1652 862 contra
1695 796 2062 862 huiusmodi
2117 797 2435 882 producta
2489 805 2605 863 aut
2658 820 2737 864 ne
2792 801 3054 865 citentur

517 912 717 971 testes
758 906 841 970 ad
877 906 1285 990 probandum
1324 903 1694 969 huiusmodi
1724 904 2052 985 articuIOS,
2086 906 2140 969 si
2172 905 2440 970 admissi
2488 907 2619 969 sint
2655 906 2754 971 vel
2789 906 3050 987 affuturi,

518 1020 591 1078 ut
636 1035 850 1098 supra.
932 1012 1183 1095 Quibus
1231 1012 1614 1077 examinatis
1668 1011 1915 1093 absque
1948 1011 2080 1075 alia
2110 1010 2462 1095 prefixione
2509 1019 2576 1077 et
2622 1012 3053 1078 observacione

518 1121 792 1185 aliorum
836 1120 1257 1185 terminorum
1306 1118 1602 1183 dominus
1652 1119 1938 1201 auditor,
1997 1140 2143 1182 011111
2190 1118 2586 1184 deliberatus
2636 1119 2849 1201 fuerit,
2901 1119 3055 1184 feret

518 1228 655 1293 eius
721 1227 1120 1292 sentenciam
1184 1232 1251 1291 et
1312 1227 1595 1291 breviter
1661 1227 1753 1290 sic
1817 1225 1930 1290 fiet
1976 1246 2095 1308 per
2157 1226 2375 1291 omnia
2437 1226 2693 1309 deinde,
2747 1234 2820 1291 ut
2870 1248 3055 1309 supra

515 1335 807 1418 proxime
857 1333 936 1398 de
983 1334 1332 1417 sentencijs
1378 1334 1443 1396 in
1490 1333 1891 1416 possessorio
1923 1332 2075 1396 latis
2114 1331 2254 1397 fieri
2293 1335 2644 1398 consuevit.
2729 1333 2816 1399 Et
2845 1334 3053 1398 eadem

517 1443 819 1525 excepcio
853 1446 1177 1524 competet
1213 1440 1441 1522 eidem,
1474 1461 1593 1522 pro
1627 1460 1754 1521 quo
1773 1439 2144 1503 huiusmodi
2176 1445 2713 1523 attemptatorum
2750 1439 3053 1506 sentencie

515 1549 646 1613 sint
691 1548 843 1629 late,
891 1547 988 1612 illi
1003 1552 1044 1630 1,
1101 1549 1212 1630 qui
1265 1548 1332 1611 in
1391 1546 1791 1628 possessorio
1848 1546 2174 1628 competit,
2231 1545 2532 1611 videlicet
2584 1547 2758 1630 quod
2802 1547 3052 1612 ulterius

514 1656 579 1719 in
615 1655 884 1737 negocio
915 1653 1260 1738 principali
1305 1675 1434 1718 non
1470 1654 1685 1737 parito
1730 1652 2097 1719 huiusmodi
2145 1654 2491 1736 sentencijs
2540 1659 3051 1738 attemptatorum

515 1766 629 1825 aut
674 1761 974 1843 excipiat,
1031 1759 1203 1843 quod
1258 1763 1540 1843 paritum
1586 1782 1716 1825 non
1764 1761 2021 1841 existat,
2077 1765 2153 1825 ut
2197 1782 2414 1844 supra,
2463 1766 2530 1825 et
2575 1768 2805 1828 contra
2849 1761 2912 1825 id
2955 1760 3052 1825 ad-

514 1868 835 1931 versarius
883 1889 1011 1930 non
1057 1867 1385 1948 audietur,
1441 1872 1516 1930 ut
1570 1889 1768 1950 supra
1825 1868 2115 1952 proxime
2171 1867 2250 1931 de
2294 1869 2698 1951 possessorio
2743 1869 3050 1933 recitatur.

778 2063 887 2127 De
931 2062 1448 2127 restitucione
1494 2063 1572 2126 in
1619 2063 2022 2145 integrum.

690 2205 898 2290 Super
952 2206 1368 2272 restitucione
1415 2206 1483 2269 in
1527 2207 1871 2288 integrum,
1922 2206 1976 2269 si
2021 2207 2484 2290 pronuncietur
2530 2209 2677 2290 quis
2727 2208 3050 2273 admitten-

513 2314 632 2377 dus
681 2313 764 2377 ad
811 2313 1288 2396 appellandum,
1339 2313 1581 2377 directe
1630 2318 1966 2377 serventur
2011 2314 2290 2395 termini,
2337 2320 2534 2397 prout
2578 2315 2646 2379 in
2693 2316 2920 2399 prima,
2965 2335 3051 2378 se-

512 2420 726 2484 cunda
771 2425 837 2484 et
885 2424 952 2483 3⁸
997 2420 1334 2504 instancijs
1380 2420 1475 2484 rei
1506 2419 1884 2504 principalis
1918 2421 2159 2484 servari
2191 2427 2681 2503 consueverunt,
2731 2422 2842 2487 sed
2889 2426 3051 2485 ante-

514 2548 708 2608 quam
757 2527 849 2590 sic
894 2528 1375 2609 pronuncietur,
1425 2528 1537 2609 qui
1581 2549 1700 2611 pro
1747 2527 2166 2591 restitucione
2197 2527 2263 2590 in
2295 2528 2620 2611 integrum
2666 2529 2938 2609 laborat,
2982 2526 3052 2590 de

510 2654 625 2697 suo
672 2633 810 2697 iure
857 2640 940 2714 et,
989 2634 1160 2716 quod
1207 2634 1493 2716 legitime
1540 2634 1838 2699 defensus
1885 2657 2014 2698 non
2061 2634 2201 2716 fuit,
2251 2641 2316 2699 et
2345 2635 2529 2700 iuxta
2560 2636 3053 2701 commissionis²

510 2740 822 2804 auditoris
897 2760 1091 2824 super
1167 2740 1289 2805 hoc
1347 2740 1516 2806 facte
1580 2748 1869 2806 tenorem
1935 2763 2052 2805 sua
2123 2742 2286 2831 iura·
2331 2743 2646 2826 producet
2711 2750 2778 2807 et
2838 2741 3054 2826 probet

509 2845 795 2910 veridica
841 2847 908 2908 in
956 2846 1132 2910 dicta
1179 2848 1648 2912 commissione.

773 3041 881 3106 De
926 3041 1422 3107 inhibicione.

683 3184 993 3249 Preterea
1048 3206 1193 3248 cum
1249 3184 1332 3248 ad
1389 3185 1754 3249 auditorem
1813 3207 2065 3250 camere
2121 3186 2220 3251 vel
2276 3188 2711 3253 mariscallum
2775 3189 3049 3254 Romane

507 3291 681 3354 curie
737 3289 935 3355 fuerit
989 3292 1389 3375 appellatum
1445 3297 1511 3356 et
1566 3293 1903 3375 appellans
1960 3292 2179 3357 forsan
2242 3295 2309 3358 in
2366 3317 2586 3359 eorum
2642 3296 2744 3360 vel
2800 3295 3048 3361 alterius

414 3462 429 3475 ,
506 3418 726 3461 00111111
783 3399 1151 3463 carceribus
1199 3400 1439 3463 existat
1491 3406 1607 3463 aut
1654 3399 1799 3481 capi
1844 3400 2076 3464 timeat
2120 3421 2235 3483 per
2282 3401 2564 3483 aliquem
2618 3404 2905 3486 ipsorum
2947 3421 3046 3464 seu

505 3526 705 3568 causa
750 3505 837 3568 sit
881 3505 1107 3569 odiosa
1152 3505 1338 3569 valde
1386 3507 1517 3569 sive
1565 3506 1939 3588 criminaliS,
1989 3529 2183 3590 super
2229 3528 2358 3590 qua
2405 3510 2640 3591 agitur,
2690 3512 2910 3575 statim
2949 3508 3046 3572 do-

504 3612 716 3675 minus
764 3611 1022 3676 auditor
1065 3612 1324 3696 palacij,
1391 3612 1516 3676 sibi
1573 3619 1953 3695 presentata
2006 3616 2475 3696 commissione,
2532 3616 2614 3679 ad
2677 3616 3045 3680 instanciam

504 3718 894 3801 appellantis
960 3739 1074 3782 seu
1138 3719 1287 3782 talis
1353 3721 1680 3784 criminosi
1746 3719 2041 3786 facientis
2107 3743 2370 3786 causam
2437 3722 2695 3787 admitti
2761 3723 3049 3787 decernat

502 3826 980 3889 intimacionem
1046 3831 1111 3888 et
1173 3825 1631 3889 inhibicionem
1679 3827 1890 3908 simul,
1956 3829 2133 3892 nullo
2198 3835 2454 3893 servato
2519 3829 2794 3894 termino
2858 3829 3044 3893 eciam

502 3932 785 3995 inantea.

767 4128 874 4192 De
920 4128 1422 4211 processibus
1470 4150 1702 4211 super
1749 4129 2332 4194 desercionibus
2381 4131 3007 4215 appellacionum.

678 4272 885 4354 Super
931 4271 1301 4335 desercione
1339 4271 1802 4354 appellacionis
1834 4272 1900 4334 in
1932 4292 2131 4335 causa
2160 4270 2550 4337 desercionis
2598 4277 3041 4349 committatur,

500 4380 634 4442 sive
689 4380 754 4442 in
813 4379 1292 4459 commissione,
1350 4379 1417 4442 in
1473 4400 1603 4461 qua
1659 4400 1858 4442 causa
1913 4378 2376 4461 appellacionis
2434 4403 2473 4445 a
2528 4381 2869 4446 diffinitiva
2912 4401 3040 4444 sen-

678 4575 696 4606 ¹
735 4573 967 4629 Hdschr.
1005 4575 1114 4629 ille.
1226 4575 1247 4606 ²
1285 4576 1680 4629 commissionis
1718 4577 1776 4628 in
1812 4576 1911 4630 der
1946 4575 2309 4630 Handschrift
2345 4577 2635 4649 korrigiert
2671 4597 2771 4633 aus
2808 4577 3039 4632 commis-

498 4665 721 4718 sionem.
782 4664 1054 4718 Daneben
1088 4666 1161 4718 ist
1196 4664 1400 4718 factam
1438 4664 1743 4719 iibersehen
1784 4665 2021 4719 worden.
