3242 5184
1248 296 1694 366 *93*

196 476 327 543 nati
369 476 634 561 fuerint,
691 479 758 544 in
814 479 1163 561 civitatem,
1220 481 1559 546 castellum
1619 480 1720 545 vel
1778 482 1989 545 vicum
2037 479 2433 564 advenerint,
2482 482 2536 546 si
2579 479 2747 548 forte

196 586 364 650 locus
394 586 539 669 ipse
568 586 952 651 interdictus
991 587 1095 669 sit,
1128 588 1196 651 in
1225 589 1502 654 iocundo
1534 610 1757 654 eorum
1791 587 2071 654 adventu
2101 611 2219 674 pro
2246 589 2474 672 templi
2503 589 2747 655 honore

198 699 257 758 et
298 693 673 758 eorumdem
726 678 1007 759 militum
1053 697 1419 760 reverentia
1465 696 1665 762 semel
1709 697 1778 760 in
1825 717 1995 762 anno
2052 697 2427 781 aperiantur
2479 697 2746 762 ecclesie

197 806 272 882 et,
317 801 891 866 excommunicatis
928 802 946 892 Η
983 808 1051 867 et
1095 802 1476 869 nominatim
1521 803 1884 869 interdictis
1931 804 2226 886 exclusis,
2274 802 2492 869 divina
2536 803 2751 870 officia
2788 805 2905 860 Fol.
2945 807 3064 861 491)-

196 907 613 973 celebrentur.
706 906 847 990 Que
893 929 1045 974 vero
1093 908 1173 975 de
1219 933 1348 976 non
1389 912 1962 977 excommunicatis
2009 917 2076 976 et
2119 911 2502 977 nominatim
2549 913 2745 976 inter-

195 1014 371 1079 dictis
443 1015 552 1080 vel
624 1016 828 1080 eciam
902 1016 1160 1100 publice
1231 1019 1549 1102 usurarijs
1624 1017 1999 1084 eorumdem
2082 1019 2361 1084 militum
2433 1017 2747 1083 fratribus

193 1121 624 1187 ecclesiastice
679 1122 1014 1206 sepulture
1068 1125 1404 1190 tradendis
1459 1132 1525 1191 et
1571 1125 1864 1209 ecclesijs
1908 1127 1977 1190 in
2023 1147 2248 1191 eorum
2294 1123 2593 1204 adventu,
2641 1146 2747 1216 ex-

190 1230 676 1295 communicatis
737 1235 803 1295 et
865 1231 1248 1296 nominatim
1312 1232 1676 1298 interdictis
1751 1233 2049 1315 exclusiS,
2117 1232 2317 1298 semel
2380 1232 2746 1316 aperiendis

190 1340 432 1408 statuta
481 1343 656 1420 sunt,
704 1338 887 1403 vobis
927 1387 942 1403 .
985 1387 1000 1403 .
1042 1339 1543 1424 archiepiscopis
1577 1346 1644 1405 et
1689 1341 2008 1424 episcopis
2056 1339 2425 1405 mandando
2470 1341 2746 1422 precipi-

188 1463 341 1525 mus,
406 1449 486 1508 ut
551 1466 668 1527 per
730 1451 980 1511 vestras
1044 1447 1421 1530 parrochias
1486 1448 1745 1513 faciatis
1798 1444 2338 1530 irrefragabiliter
2392 1446 2744 1512 observari.

189 1548 376 1615 Salva
408 1551 480 1615 in
514 1552 817 1617 omnibus
848 1554 1182 1637 premissis
1216 1555 1668 1621 moderacione
1701 1555 1952 1638 concilij
2003 1552 2343 1637 generalis.
2437 1554 2747 1619 Preterea

185 1656 578 1724 fraternitati
634 1667 848 1727 vestre
916 1661 1203 1745 rogando
1272 1663 1696 1744 mandamuS,
1759 1663 2069 1744 quatinus
2134 1682 2446 1745 personas
2523 1682 2743 1726 eorum

187 1769 247 1828 et
304 1765 481 1831 bona
545 1789 665 1850 pro
720 1770 1084 1834 reverentia
1138 1769 1318 1836 beati
1389 1771 1573 1836 Petri
1651 1777 1717 1836 et
1787 1776 2013 1835 nostra
2087 1769 2564 1834 manuteneatis
2590 1769 2611 1806 ¹
2677 1772 2743 1832 et

184 1871 422 1937 nullam
471 1874 568 1938 eis
614 1875 891 1960 irrogari
936 1875 1251 1942 lesionem
1295 1877 1397 1943 vel
1441 1878 1748 1942 iniuriam
1794 1877 2210 1962 permittatis,

508 2143 1163 2230 Archiepiscopis
1211 2151 1285 2211 et
1332 2145 1752 2230 episcopiS,
1800 2142 2257 2210 abbatibus2
2292 2144 2311 2233 ‚5¹
2348 2148 2487 2208 etc.

350 2302 513 2368 Paci
592 2310 660 2369 et
732 2305 936 2387 quieti
996 2307 1444 2390 religiosorum
1520 2308 1804 2372 virorum
1867 2306 2142 2371 fratrum
2206 2303 2443 2369 milicie
2514 2303 2742 2388 templi

185 2410 538 2491 apostolica
601 2433 718 2477 nos
792 2415 1092 2479 convenit
1155 2415 1561 2480 solicitudine
1624 2413 1965 2498 providere
2020 2418 2086 2478 et
2139 2418 2274 2476 tam
2321 2412 2497 2495 ipsos
2543 2432 2741 2493 quam

186 2534 397 2581 eorum
460 2519 636 2583 bona
698 2524 883 2586 tanto
949 2521 1266 2587 solicitius
1332 2544 1372 2588 a
1433 2522 1864 2605 malignorum
1928 2519 2296 2585 incursibus
2362 2525 2428 2583 et
2491 2518 2738 2602 rapinis

183 2627 473 2689 tenemur
502 2633 861 2711 protegere,
910 2636 1154 2711 quanto
1200 2652 1318 2712 pro
1364 2628 1492 2695 fide
1539 2629 1877 2694 christiani
1907 2628 2186 2693 nominis
2220 2647 2290 2692 se
2323 2626 2739 2691 diuturniori-

184 2727 295 2794 bus
334 2740 670 2817 exponunt
699 2736 1004 2819 periculis
1044 2743 1110 2802 et
1140 2736 1451 2802 adversus
1489 2758 1726 2821 pravas
1767 2741 1832 2800 et
1860 2741 2115 2801 exteras
2155 2734 2450 2799 nationes
2483 2733 2739 2798 labores

183 2837 459 2905 subeunt
522 2843 872 2924 gravioreS.
965 2842 1127 2910 Inde
1182 2850 1302 2927 est,
1368 2844 1542 2927 quod
1595 2850 1732 2908 tam
1787 2843 1987 2909 fortes
2043 2842 2321 2907 athletas
2369 2840 2611 2906 Christi
2671 2840 2737 2903 in

183 2963 290 3009 suo
354 2954 586 3014 sancto
650 2952 981 3035 proposito
1036 2951 1323 3018 volentes
1381 2953 1692 3017 attentius
1751 2950 2111 3032 confovere,
2169 2948 2252 3013 ad
2300 2946 2739 3012 defensionem

181 3052 275 3115 sui
337 3054 818 3122 solicitudinem
893 3065 1176 3125 vestram
1240 3058 1538 3124 duximus
1599 3057 2171 3138 commonendam,
2244 3059 2319 3119 ut
2389 3054 2596 3136 magis
2662 3075 2738 3118 ac

180 3160 377 3241 magis
409 3163 667 3246 possint
701 3166 785 3230 ad
816 3166 1322 3249 promovendum
1367 3166 1794 3250 propositum,
1846 3164 2021 3248 quod
2059 3168 2490 3247 sumpserunt,
2529 3161 2736 3226 inten-

182 3263 353 3349 dere,
412 3291 562 3335 cum
616 3270 858 3337 fuerint
919 3273 1329 3339 solicitudine
1393 3274 1793 3357 prelatorum
1841 3271 2110 3337 ecclesie
2158 3291 2198 3335 a
2243 3269 2735 3352 malignantium

181 3371 652 3456 inquietacione
700 3383 927 3446 securi.
1021 3380 1359 3446 Monemus
1404 3383 1627 3464 itaque
1674 3381 2162 3445 universitatem
2208 3383 2491 3441 vestram
2537 3382 2736 3459 atque

184 3483 588 3568 precipimus,
630 3489 958 3569 quatinus,
1003 3490 1057 3553 si
1098 3488 1359 3571 quando
1393 3488 1610 3554 clerici
1642 3489 1742 3552 vel
1778 3487 1946 3571 layci
1983 3484 2396 3570 parrochiani
2434 3485 2634 3548 vestri
2667 3485 2734 3547 in

184 3585 458 3670 aliquem
503 3592 942 3674 predictorum
972 3595 1249 3661 fratrum
1282 3596 1596 3680 capiendo
1636 3595 1737 3660 vel
1769 3595 1849 3661 de
1888 3595 2022 3659 suis
2055 3593 2442 3675 equitaturis
2476 3589 2730 3677 [d]eici-

185 3693 337 3760 endo
383 3704 502 3763 aut
547 3699 711 3765 alias
757 3702 1095 3769 inhoneste
1141 3702 1484 3768 tractando
1531 3703 1848 3769 violentas
1902 3722 2134 3766 manus
2180 3699 2464 3780 initiunt,
2512 3697 2732 3762 huius-

185 3801 346 3869 modi
375 3814 882 3892 presumptores,
917 3811 1173 3876 sublato
1205 3811 1662 3895 appellationis
1704 3809 2059 3889 obstaculo,
2098 3808 2387 3872 accensis
2425 3804 2730 3885 candeliS,

187 3903 483 3979 dilatione
517 3920 585 3979 et
612 3919 951 3983 occasione
981 3921 1365 4004 postposita,
1414 3919 2002 3984 excommunicatos
2032 3914 2291 3998 publice
2327 3913 2731 3978 denuncietis

186 4019 246 4077 et
271 4022 404 4084 tam
437 4020 549 4086 diu
593 4022 850 4089 faciatis
894 4027 1067 4090 sicut
1110 4028 1701 4091 excommunicatos
1748 4026 1955 4090 artius
2002 4023 2254 4103 evitari,
2287 4020 2492 4085 donec
2535 4040 2731 4103 passo

188 4120 476 4193 iniuriam
514 4151 794 4214 congrue
832 4133 1239 4199 satisfaciant
1275 4140 1341 4199 et
1376 4155 1493 4218 pro
1523 4132 1950 4198 absolutionis
1979 4128 2285 4195 benefitio
2323 4126 2729 4211 impetrando

190 4235 532 4313 apostolico
589 4259 658 4304 se
713 4243 1089 4324 conspectui
1142 4245 1610 4324 representent.
1713 4238 1846 4303 Eos
1891 4259 2065 4319 ver0,
2124 4237 2237 4319 qui
2291 4237 2358 4300 in
2402 4233 2728 4318 predictos

189 4334 406 4408 fratres
451 4366 682 4431 manus
725 4369 857 4412 non
902 4350 1177 4414 iniciunt
1228 4347 1571 4428 violentas,
1639 4345 1752 4411 sed
1800 4348 1940 4432 [eos
1986 4343 2199 4409 verbis
2247 4341 2727 4409 contumeliosis

190 4625 217 4642 «ψ
354 4603 370 4634 ¹
407 4601 645 4656 Hdschr.
671 4602 963 4656 manuatiS.
1111 4601 1133 4632 2
1167 4600 1276 4654 Die
1300 4587 1596 4654 Uberschr.
1624 4613 1716 4651 am
1741 4595 1898 4651 Ende
1923 4595 2023 4650 der
2046 4600 2229 4650 ersten
2254 4592 2401 4648 Zeile
2427 4593 2523 4647 des
2546 4608 2727 4647 neuen

193 4687 514 4761 Absehnitts,
552 4691 693 4746 nach
719 4694 979 4746 virorum.
1042 4690 1160 4745 Der
1183 4684 1390 4744 Schluss
1425 4694 1526 4742 etc.
1554 4687 1679 4741 eine
1703 4685 1852 4740 Zeile
1876 4683 2063 4752 hoher,
2100 4700 2226 4736 zum
2250 4683 2373 4737 'reil
2398 4700 2489 4737 am
2513 4682 2724 4736 Raude.
