3242 5184
140 1299 257 1353 Fol.
297 1299 410 1352 30¹³.

1500 243 1947 304 *56η

458 420 692 504 quibus
753 419 1090 485 novalibus
1157 418 1393 501 aliquis
1456 417 1771 482 hactenus
1835 440 1963 483 non
2011 419 2318 502 percepit,
2386 418 2519 483 sive
2583 419 2664 485 de
2721 419 2890 484 ortis
2961 425 3031 484 et

455 527 752 610 virgultis
829 532 895 591 et
968 523 1443 609 piscacionibus
1519 524 1753 588 vestris
1829 525 1930 590 vel
2006 524 2086 589 de
2149 524 2564 590 nutrimentis
2629 526 3028 591 animalium

455 640 835 716 vestrorum,
885 633 1100 697 nullus
1147 654 1188 696 a
1231 631 1416 697 vobis
1464 632 1750 697 decimas
1798 632 2052 715 exigere
2083 631 2185 696 vel
2223 637 2607 715 extorquere
2654 639 3023 717 presumat.

454 741 831 808 Adicientes
890 760 1147 824 quoque
1196 740 1561 820 statuimus,
1610 744 1686 803 ut
1729 738 1899 803 infra
1947 737 2279 805 dimidiam
2323 739 2582 823 leugam
2628 762 2668 805 a
2713 740 3028 805 terminis

454 849 938 933 possessionum
999 850 1362 911 vestrarum
1440 845 1601 909 nulli
1665 846 1965 928 religioso
2024 845 2223 910 liceat
2285 846 2621 929 quodlibet
2684 846 3029 913 edificium

457 960 831 1021 construere
876 953 977 1018 vel
1021 953 1463 1036 possessiones
1510 953 1867 1035 acquirere,
1908 954 2077 1016 sicut
2122 952 2333 1017 ordini
2379 958 2593 1019 vestro
2642 954 2889 1019 dicitur
2939 955 3026 1019 ab

458 1062 816 1146 apostolica
855 1059 1006 1125 sede
1039 1080 1432 1126 concessum.
1527 1058 2059 1125 Consecrationes
2092 1081 2241 1125 vero
2275 1060 2581 1125 altarium
2629 1082 2744 1126 seu
2788 1062 3027 1127 basili-

457 1191 699 1250 carum,
749 1167 1187 1233 ordinationes
1234 1166 1633 1245 clericorum‚
1680 1168 1792 1249 qui
1839 1166 1921 1230 ad
1969 1166 2226 1231 ordines
2281 1166 2522 1231 fuerint
2573 1169 3025 1252 promovendi,

459 1276 476 1366 Η
532 1298 572 1341 a
637 1275 996 1359 dyocesano
1061 1273 1431 1357 suscipiatis
1497 1273 1818 1356 episcop0,
1887 1272 2204 1355 siquidem
2269 1272 2625 1340 catholicus
2686 1274 2893 1340 fuerit
2962 1281 3027 1341 et

456 1382 781 1466 graciam1
829 1386 1027 1464 atque
1059 1381 1572 1446 communionem
1619 1378 1973 1464 apostolice
2031 1378 2201 1444 sedis
2246 1380 2551 1445 habuerit
2596 1387 2663 1446 et
2708 1403 2785 1446 ea
2831 1383 3025 1448 vobis

456 1490 660 1573 gratis
709 1493 775 1553 et
820 1487 1065 1571 absque
1110 1488 1433 1572 pravitate
1465 1487 1687 1569 aliqua
1731 1486 2008 1552 voluerit
2049 1485 2370 1552 exhibere.
2463 1488 2773 1572 Alioquin
2820 1490 3026 1555 liceat

456 1596 668 1677 vobiS,
736 1616 1182 1678 quemcunque
1247 1594 1606 1659 malueritis
1622 1644 1638 1677 ,
1696 1592 2083 1658 catholicum
2139 1592 2319 1658 adire
2384 1596 2774 1678 antistitem,
2845 1618 3024 1661 com-

458 1703 827 1768 munionem
875 1705 940 1766 et
975 1702 1261 1784 graciam
1293 1700 1647 1785 apostolice
1681 1699 1850 1764 sedis
1881 1698 2248 1783 habentem,
2297 1702 2409 1784 qui
2438 1702 2746 1766 nimirum
2790 1709 3024 1768 nostra

457 1811 658 1874 fultus
716 1808 1103 1874 auctoritate
1158 1808 1362 1891 vobiS,
1430 1807 1602 1892 quod
1649 1807 2038 1891 postulatur,
2095 1807 2448 1890 impendat.
2540 1807 2819 1892 Insuper
2868 1832 3024 1875 auc-

459 1918 725 1983 toritate
782 1915 1139 1998 apostolica
1184 1915 1568 1997 inhibemus,
1626 1936 1708 1979 ne
1761 1914 1931 1978 ullns
1988 1914 2326 1997 episcopus
2384 1915 2484 1979 vel
2541 1915 2673 1981 alia
2728 1917 3027 1999 quelibet

460 2045 738 2108 persona
793 2022 876 2087 ad
934 2020 1210 2105 synodos
1264 2022 1366 2086 vel
1422 2027 1774 2086 conventus
1830 2019 2118 2085 forenses
2176 2043 2288 2086 vos
2343 2023 2438 2086 ire
2494 2023 2596 2088 vel
2640 2022 2879 2089 iuditio
2929 2045 3026 2088 se-

460 2130 665 2195 culari
731 2129 810 2194 de
877 2130 1142 2214 propria
1206 2129 1584 2194 substancia
1646 2127 1747 2191 vel
1811 2127 2328 2211 possessionibus
2392 2129 2626 2194 vestris
2682 2130 3025 2195 subiacere

462 2237 808 2321 compellat
860 2257 979 2300 nec
1036 2235 1119 2300 ad
1168 2235 1428 2301 domum
1472 2240 1758 2299 vestram
1813 2256 1943 2299 non
1987 2240 2254 2299 vocatus
2302 2257 2500 2301 causa
2547 2236 2804 2302 ordines
2856 2238 3022 2303 cele-

459 2342 713 2426 brandi,
771 2364 1000 2408 causas
1055 2342 1381 2407 tractandi
1434 2342 1537 2406 vel
1583 2346 1932 2406 conventus
1980 2341 2235 2425 aliquos
2280 2342 2573 2426 publicos
2621 2344 3022 2410 convocandi

459 2451 676 2515 venire
730 2454 1066 2533 presumat
1121 2470 1239 2513 nec
1293 2448 1657 2530 regularem
1720 2448 2101 2513 electionem
2159 2449 2394 2533 prioris
2450 2452 2649 2516 vestri
2703 2451 3021 2535 impediat

461 2562 578 2623 aut
623 2556 702 2621 de
739 2554 1135 2621 instituendo
1182 2554 1285 2619 vel
1330 2554 1718 2620 removendo
1765 2576 1861 2637 ec,
1910 2554 2023 2637 qui
2052 2577 2170 2638 pro
2203 2561 2493 2640 tempore
2525 2556 2741 2639 fuerit,
2790 2563 3023 2623 contra

462 2669 710 2730 statuta
757 2662 1189 2728 Oartusiensis
1255 2661 1499 2727 ordinis
1566 2682 1635 2726 se
1699 2661 2110 2745 aliquatenus
2174 2662 2588 2729 intromittat.
2693 2663 2902 2730 Porro
2968 2664 3022 2727 si

462 2771 749 2855 episcopi
793 2758 895 2835 vel
942 2767 1048 2852 alij
1101 2767 1519 2833 ecclesiarum
1564 2773 1849 2834 rectores
1896 2769 1964 2832 in
2010 2769 2351 2834 ecclesiam
2396 2776 2679 2836 vestram
2724 2771 2825 2835 vel
2874 2793 3017 2856 per-

463 2900 654 2945 sonas
718 2877 881 2942 inibi
946 2875 1333 2941 constitutas
1399 2875 1862 2958 suspensionis,
1930 2866 2611 2943 excommunicationis
2666 2878 2767 2942 vel
2820 2878 3018 2942 inter-

464 2986 619 3051 dicti
676 2984 1064 3049 sententiam
1118 2981 1670 3065 promulgaverint
1723 2982 1856 3046 sive
1915 2982 2113 3047 etiam
2157 2983 2225 3045 in
2283 2985 2714 3049 mercenarios
2771 2991 3019 3050 vestros

461 3115 579 3175 pro
627 3112 723 3173 ec,
773 3089 964 3174 quod,
1014 3090 1182 3153 sicut
1227 3088 1470 3152 dictum
1517 3093 1635 3172 est,
1676 3089 1958 3153 decimas
2004 3110 2133 3153 non
2181 3089 2449 3171 solvitiS,
2497 3090 2600 3155 vel
2646 3091 2870 3174 aliqua
2916 3113 3016 3156 oc-

464 3200 722 3264 casione
770 3218 1010 3278 eorum,
1059 3216 1184 3279 que
1232 3195 1315 3260 ab
1363 3194 1719 3279 apostolica
1755 3195 1937 3261 vobis
1968 3195 2368 3278 benignitate
2399 3197 2654 3261 indulta
2686 3204 2856 3280 sunt,
2908 3218 3017 3262 seu

463 3304 908 3370 benefactores
965 3309 1213 3368 vestros
1274 3325 1392 3385 pro
1453 3324 1558 3385 ec,
1607 3301 1781 3386 quod
1827 3302 2050 3384 aliqua
2094 3302 2278 3367 vobis
2324 3303 2642 3368 beneficia
2685 3305 2787 3369 vel
2834 3305 3013 3371 obse-

465 3412 620 3495 quia
674 3432 752 3476 ex
808 3411 1080 3476 caritate
1133 3409 1540 3493 prestiterint
1583 3409 1687 3473 vel
1734 3409 1817 3474 ad
1861 3407 2290 3474 laborandum
2337 3409 2703 3475 adiuverint
2721 3412 2747 3449 2
2791 3412 2858 3475 in
2890 3410 3013 3475 illis

466 3518 713 3600 diebuS,
763 3518 830 3581 in
878 3516 1110 3601 quibus
1157 3539 1270 3582 vos
1315 3516 1632 3582 laboratis
1682 3520 1747 3581 et
1784 3516 1891 3600 alij
1943 3515 2277 3598 feriantur,
2327 3515 2597 3581 eandem
2631 3519 3012 3582 sententiam

463 3625 869 3708 protulerint,
917 3623 1126 3707 ipsam
1171 3628 1504 3706 tamquam
1551 3628 1779 3687 contra
1826 3623 1996 3687 sedis
2029 3622 2380 3705 apostolice
2411 3622 2665 3688 indulta
2693 3625 3011 3707 prolatam

466 3732 872 3796 decernimus
919 3728 1322 3794 irritandam.
1417 3730 1552 3794 Nec
1597 3729 1815 3794 littere
1861 3730 1992 3794 ulle
2039 3728 2415 3794 firmitatem
2460 3729 2786 3813 habeant,
2856 3750 3010 3815 quas

465 3839 666 3902 tacito
715 3837 970 3901 nomine
1020 3835 1451 3900 Cartusiensis
1499 3835 1743 3901 ordinis
1792 3841 1859 3900 et
1904 3841 2131 3901 contra
2177 3841 2467 3900 tenorem
2515 3837 3009 3921 apostolicorum

465 3944 944 4027 privilegiorum
1009 3930 1374 4008 constiterit
1434 3943 1790 4026 impetrari.
1902 3942 2261 4008 Statuimus
2327 3944 2552 4026 etiam,
2618 3948 2693 4007 ut
2751 3949 3010 4028 propter

467 4051 832 4116 communia
877 4050 1226 4115 interdicta
1288 4054 1612 4114 terrarum
1679 4049 1952 4114 ecclesia
2014 4053 2251 4132 vestra,
2319 4051 2888 4116 excommunicatis
2950 4054 3007 4114 et

465 4157 825 4223 interdictis
858 4157 1155 4239 exclusiS,
1196 4180 1237 4222 a
1277 4156 1510 4221 divinis
1541 4178 1672 4221 non
1704 4162 1972 4239 cogatur
2011 4155 2240 4241 officijs
2279 4157 2626 4222 abstinere.
2721 4156 3005 4223 Obeuntc

645 4426 664 4457 ¹
701 4426 775 4479 Es
802 4426 965 4480 stand
1000 4425 1233 4496 gloriam
1270 4427 1356 4480 da.
1419 4424 1692 4480 Dasselbe
1726 4429 1815 4480 rot
1850 4424 2331 4496 durchgestrichen
2369 4426 2484 4478 und
2519 4427 2764 4496 graciam
2800 4432 2887 4480 rot
2921 4425 3001 4478 da-

465 4515 631 4571 rflber
664 4513 1037 4591 geschrieben.
1200 4515 1222 4546 ²
1257 4515 1645 4569 adinvenerint
1678 4514 1841 4568 stand
1877 4513 1965 4569 da.
2038 4531 2108 4569 ne
2144 4514 2385 4571 schwarz
2420 4514 2868 4586 unterpunktiert
2901 4511 3002 4568 und

467 4610 551 4660 rot
589 4603 1089 4676 durchgestrichen.
