3242 5184
165 3440 281 3494 Fol.
326 3445 424 3501 113
439 3446 477 3494 ⁸.

1536 267 2024 341 „210-7-

672 445 799 511 Die
862 443 946 508 X.
1012 444 1253 508 mensis
1319 442 1660 527 Februarij
1730 442 1854 507 fuit
1910 447 2210 524 receptus
2273 441 2340 505 in
2407 441 2765 505 auditorem
2830 441 3058 523 palatij

507 553 817 633 magister
861 552 1185 617 Antonius
1232 550 1314 614 de
1362 550 1569 616 Ponte
1617 556 1685 615 et
1728 551 1985 615 iuravit.

637 692 640 694 v
684 640 810 722 Die
863 658 1082 723 XVII.
1130 658 1349 739 Martij
1418 656 1835 739 pontificatus
1892 657 2134 721 domini
2180 654 2432 720 Urbani
2497 676 2663 737 pape
2719 652 2835 718 VI.
2897 675 3064 718 anno

508 772 692 830 sexto
710 766 730 803 1
779 765 902 829 fuit
946 771 1246 848 receptus
1293 765 1603 846 magister
1641 764 1908 829 Andrea
1939 763 2141 828 Baret
2186 762 2267 826 de
2296 761 2539 843 Anglia
2583 762 2651 824 in
2700 761 3064 825 auditorem

507 872 740 955 palacij
793 877 860 937 et
904 873 1162 939 iuravit.

684 979 810 1044 Die
855 978 1037 1044 XVI.
1087 979 1335 1061 Aprilis
1391 1000 1560 1043 anno
1615 977 1906 1060 proxime
1963 976 2176 1042 dicto²
2232 975 2356 1040 fuit
2408 980 2710 1057 receptus
2756 975 3068 1058 magister

507 1085 789 1151 Thomas
837 1086 916 1149 de
971 1085 1373 1151 Ambrevilla
1414 1083 1622 1148 alias³
1686 1083 1766 1148 de
1821 1083 2105 1148 Francia
2156 1083 2225 1146 in
2280 1083 2643 1149 auditorem
2698 1082 2937 1165 palacij
3007 1087 3069 1145 et

508 1194 763 1258 iuravit.
1202 1237 1206 1243 ·
1526 1172 1530 1177 .

687 1300 812 1364 Die
857 1298 1049 1372 XVI.
1074 1299 1230 1382 Maij
1282 1319 1450 1362 anno
1489 1296 1639 1363 VII.
1689 1295 2105 1380 pontificatus
2151 1296 2396 1361 domini
2441 1295 2695 1361 Urbani
2740 1295 2904 1381 VIA
2950 1295 3068 1359 fuit

509 1414 808 1489 receptus
856 1408 922 1470 in
969 1405 1332 1470 auditorem
1364 1405 1674 1486 magister
1703 1403 1987 1469 Thomas
2018 1404 2100 1468 de
2131 1402 2574 1486 Walkyngton
2604 1404 2671 1466 in
2704 1402 3064 1468 auditorem

509 1513 745 1597 palacij
797 1519 864 1578 et
907 1512 1161 1577 iuravit.
2855 1522 2859 1527 ’

688 1620 814 1684 Die
876 1617 1154 1683 XXIII.
1202 1619 1444 1683 mensis
1511 1618 1669 1701 Maij
1739 1617 2158 1701 pontificatus
2237 1616 2479 1682 domini
2543 1616 2753 1682 nostri
2818 1616 3064 1681 Urbani

510 1747 679 1810 pape
721 1726 840 1790 VI.
899 1747 1070 1791 anno
1115 1724 1265 1790 VII.
1283 1726 1308 1763 5
1351 1724 1477 1790 fuit
1531 1731 1831 1807 receptus
1895 1725 1963 1788 in
2028 1725 2390 1789 auditorem
2452 1723 2687 1807 palacij
2757 1724 3066 1805 magister

511 1833 835 1898 Iohannes
883 1832 963 1897 de
1009 1832 1312 1896 Dulmen.
2385 1895 2391 1901 ,
2448 1893 2450 1895 ,

690 1940 1010 2005 Dominus
1076 1946 1298 2003 noster
1361 1937 1666 2003 Urbanus
1733 1937 1848 2002 VI.
1915 1939 1998 2003 ad
2072 1938 2453 2003 instantiam
2530 1937 2774 2001 domini
2852 1936 3063 2002 fratris

510 2048 777 2130 Antonij
831 2046 1296 2130 archiepiscopi
1344 2045 1764 2111 Atheniensis
1810 2046 2151 2129 suspendit
2196 2045 2279 2109 ad
2327 2094 2343 2110 .
2380 2094 2394 2111 .
2432 2094 2445 2109 .
2463 2045 2489 2082 ⁶

690 2154 1008 2219 Dominus
1054 2159 1277 2218 noster
1320 2152 1620 2217 dominus
1654 2152 1957 2217 Urbanus
2003 2175 2177 2236 papa
2221 2151 2335 2216 VI.
2372 2151 2575 2216 Ianue
2622 2152 2885 2234 aperuit
2929 2171 3063 2232 gra-

502 2261 638 2325 tias
683 2261 752 2325 in
797 2260 1005 2326 forma
1033 2281 1401 2344 pauperum
1431 2258 1520 2323 II.
1553 2258 1718 2324 Non.
1755 2259 2056 2325 Octobris
2094 2258 2511 2342 pontificatus
2545 2260 2647 2322 sui
2678 2280 2853 2323 anno
2885 2255 3062 2322 VIII.

514 2374 581 2432 et
625 2368 849 2449 voluit,
898 2367 1072 2450 quod
1119 2366 1429 2457 durarent
1474 2387 1591 2448 per
1636 2387 1837 2430 unum
1892 2387 2182 2431 mensem
2229 2387 2305 2430 ac
2351 2367 2549 2430 etiam
2596 2366 2773 2447 quod
2822 2364 3065 2448 possint-

515 2475 779 2540 concedi
824 2474 1143 2539 beneficia
1188 2474 1486 2538 vacantia
1533 2472 1615 2536 ad
1664 2494 1982 2537 summam
2027 2473 2462 2555 quadraginta
2506 2472 2920 2537 florenorum.
3060 2540 3064 2545 ,

692 2581 877 2646 Item·
907 2581 1167 2646 easdem
1214 2582 1457 2662 gratias
1502 2580 1763 2661 aperuit
1804 2579 1888 2643 X.
1937 2579 2086 2644 Kal.
2135 2579 2515 2644 Decembris
2562 2579 2913 2644 duraturas
2959 2599 3065 2662 per

514 2709 716 2752 unum
765 2706 1074 2753 mensem.

691 2794 1008 2858 Dominus
1063 2800 1285 2858 noster
1347 2794 1647 2858 dominus
1712 2793 2016 2871 Urbanus
2081 2814 2252 2875 papa
2275 2858 2284 2867 ,
2307 2792 2420 2860 VI.
2480 2795 2737 2877 aperuit
2801 2791 3064 2876 Neapoli

514 2902 758 2982 gratias
814 2901 883 2964 in
939 2901 1148 2965 forma
1205 2922 1565 2984 pauperum
1610 2899 1700 2965 ss.
1748 2899 1896 2965 Kal.
1946 2899 2230 2981 Ianuarij
2281 2900 2698 2983 pontificatus
2745 2903 2850 2965 sui
2903 2920 3062 2965 anno

516 3014 698 3071 sexto
755 3015 821 3072 et
883 3009 1115 3089 voluit,
1176 3007 1349 3090 quod
1407 3006 1718 3072 durarent
1771 3028 1978 3091 usque
2026 3008 2109 3072 ad
2156 3014 2448 3072 octavam
2503 3007 2873 3091 Epiphanie
2917 3012 3081 3071 tunc*

515 3117 805 3198 proxime
852 3116 1203 3198 sequentia

693 3222 860 3288 Item
914 3221 1143 3288 XIIII.
1192 3221 1341 3285 Kal.
1397 3220 1739 3305 Februarij
1808 3221 2012 3286 Ianne
2073 3223 2331 3304 aperuit
2394 3223 2672 3304 gratiam
2735 3222 2805 3285 in
2869 3221 3062 3285 forma

516 3351 878 3412 pauperum
926 3330 1305 3393 duraturam
1353 3328 1435 3392 ad
1481 3350 1683 3392 unum
1728 3349 2035 3393 mensem.
2505 3329 2513 3338 ’

699 3441 725 3520 ΙΙ
759 3436 1078 3501 Dominus
1125 3441 1346 3500 noster
1411 3434 1708 3498 dominus
1727 3426 1736 3433 ’
1754 3435 2120 3500 Bonifatius
2184 3456 2357 3518 papa
2402 3433 2624 3500 VIIII.
2673 3435 2840 3500 dixit
2882 3430 3060 3497 michi

519 3542 632 3607 VI.
680 3543 844 3607 Non.
894 3541 1048 3625 Maij
1099 3540 1513 3624 pontificatus
1571 3543 1671 3605 sui
1727 3564 1896 3608 anno
1952 3543 2207 3625 quintO,
2256 3542 2429 3624 quod
2485 3542 2668 3624 aliaS,
2726 3548 3057 3624 antequam

517 3651 644 3714 iret
673 3649 1041 3730 Perusiam,
1074 3649 1319 3713 fecerat
1348 3649 1674 3713 notarium
1707 3670 1897 3713 suum
1926 3650 2309 3732 magistrum
2330 3650 2669 3715 Nicolaum
2679 3648 3057 3714 Caffatinum

519 3756 599 3821 de
646 3756 947 3840 Neapoli,
996 3756 1151 3819 licet
1195 3755 1562 3836 absentem,
1600 3761 1679 3818 ‘et
1722 3755 1895 3837 quod
1943 3755 2335 3820 scriberetur
2381 3752 2464 3821 ad
2510 3756 2770 3837 librum,
2820 3761 2885 3820 et
2926 3752 3054 3817 ideo

518 3864 624 3928 hic
671 3864 902 3946 scripsi
950 3884 1085 3945 eg0.
1179 3861 1255 3926 B.
1305 3860 1660 3926 Francisci.

698 3971 822 4035 Die
867 3969 1085 4034 XVII.
1135 3969 1374 4038 mensis
1421 3968 1711 4052 Ianuarij
1761 3969 1852 4033 »de
1906 3969 2213 4034 man-dato
2258 3969 2533 4053 predicti
2581 3970 2824 4035 domini
2869 3962 3053 4032 nostri

519 4078 642 4142 fuit
705 4083 1005 4160 receptus
1070 4097 1186 4158 per
1243 4096 1352 4140 «me
1415 4075 1491 4140 B.
1560 4075 1894 4142 Francisci
1966 4078 2035 4141 in
2108 4077 2492 4143 advocatum
2565 4073 3054 4142 consistorialem

702 4364 719 4394 ¹
758 4350 1270 4434 sJbergeschrieben
1308 4379 1418 4416 von
1455 4362 1747 4417 derselben
1783 4363 1968 4418 Hand.
2092 4364 2114 4395 2
2150 4352 2663 4434 Ubergeschrieben
2698 4380 2807 4420 von
2840 4358 3048 4415 anderer

523 4452 708 4506 Hand.
837 4452 859 4483 ³
895 4453 965 4506 de
988 4452 1117 4505 Am.
1144 4451 1216 4505 al.
1254 4468 1365 4506 von
1403 4451 1697 4506 derselben
1732 4452 1900 4506 Hand
1938 4452 2456 4523 sibergeschrieben.
2582 4452 2605 4484 ⁴
2640 4453 2749 4506 An.
2775 4449 2895 4507 VII.
2912 4447 3045 4516 pont·

498 4542 667 4596 dom.
684 4541 779 4596 i-U.
819 4529 931 4596 VI.⁴
954 4557 1063 4597 vnn
1100 4540 1334 4604 anderer
1371 4539 1540 4601 Hand,
1576 4540 2092 4612 iibergeschrieben.
2207 4550 2210 4557 '
2310 4543 2331 4573 ⁵
2385 4542 2559 4599 Ann.'
2586 4541 2715 4596 Vn.
2770 4541 2873 4596 von
2923 4535 3043 4587 ders.

524 4629 577 4682 H
582 4631 691 4683 and
728 4629 1241 4700 iibergeschrieben.
1459 4631 1482 4662 ⁶
1517 4630 1863 4685 Absichtlich
1901 4630 2209 4686 verwischt.
