3242 5184
1248 295 1555 356 Μ1115
1647 331 1800 375 --.

212 476 352 535 tum
411 472 509 536 vel
564 492 757 554 super
810 470 1123 535 beneficio
1179 471 1616 536 ecclesiastico
1673 491 1818 534 cum
1881 490 2036 534 cura
2080 467 2180 532 vel
2226 466 2364 531 sine
2411 486 2568 530 cura
2613 463 2762 528 sim-

211 577 469 660 pliciter
500 578 602 643 vel
640 599 785 642 cum
816 577 1165 659 additione,
1214 579 1418 642 eciam
1465 578 1520 642 si
1568 576 1847 659 dignitas
1893 576 1994 640 vel
2038 578 2420 659 personatus
2467 593 2582 637 seu
2627 569 2764 635 offi-

211 684 376 748 tium
425 686 682 767 existat,
730 685 831 750 vel
884 706 1078 768 super
1123 684 1457 768 dignitate,
1504 689 1858 768 personatu
1903 683 2005 748 vel
2050 680 2251 747 offitio
2296 680 2364 744 in
2410 677 2768 744 cathedrali

209 791 314 856 vel
361 791 706 874 collegiata
734 798 986 857 tantum
1016 791 1395 857 vacantibus
1429 792 1527 857 vel
1558 792 1882 856 vacaturis
1914 790 2014 861 vel
2046 790 2242 854 etiam
2273 787 2354 852 de
2385 786 2766 851 canonicatu

210 904 282 962 et
341 898 677 981 prebenda
739 921 816 964 ac
880 899 1232 982 dignitate,
1291 905 1640 981 personatu
1694 898 1796 963 vel
1842 897 2046 962 offitio
2092 902 2158 961 et
2202 896 2284 960 de
2327 894 2765 978 prestimonijs

210 1011 280 1070 et
324 1006 522 1070 etiam
568 1004 648 1071 de
694 1012 988 1071 mensata
1034 1004 1256 1071 decem
1286 1004 1695 1072 Turonenses
1741 1026 1998 1088 grossos
2046 1004 2296 1086 argenti
2342 1007 2408 1067 et
2434 1023 2563 1066 non
2594 1000 2767 1066 ultra

182 1117 491 1187 taxetur.

390 1218 785 1285 Executoria
803 1242 952 1285 vero
972 1220 1261 1285 eiusdem
1281 1219 1620 1285 duodecim
1630 1220 2039 1285 Turonenses
2061 1224 2128 1283 et
2145 1239 2274 1282 non
2293 1217 2466 1281 ultra
2483 1222 2761 1281 taxetur.

391 1325 480 1391 Et
508 1326 631 1390 hoc
661 1310 832 1391 idem
862 1328 931 1390 in
976 1327 1210 1392 litteris
1257 1330 1662 1411 prioratuum
1695 1325 2213 1392 conventualium
2245 1347 2321 1389 ac
2354 1325 2762 1407 dignitatum,

206 1440 693 1517 personatuum,
728 1431 1074 1498 offitiorum
1107 1440 1174 1499 et
1203 1433 1685 1516 beneficiorum,
1735 1433 1817 1498 ad
1864 1454 1989 1516 que
2028 1453 2303 1517 persone
2350 1437 2765 1497 assumuntur

204 1562 328 1624 per
374 1540 751 1606 electionem
773 1590 789 1622 ,
836 1541 1247 1606 inconsuetas
1295 1542 1616 1606 clausulas
1664 1540 1765 1606 vel
1811 1542 2217 1606 narrationes
2263 1541 2330 1603 111
2378 1561 2446 1604 se
2501 1539 2763 1603 minime

205 1647 687 1713 continentibus
733 1649 1123 1732 precipimus
1169 1648 1518 1714 observari.

389 1754 459 1820 Si
490 1776 640 1819 vero
670 1755 738 1819 in
770 1755 1013 1819 eisdem
1058 1755 1291 1821 litteris
1337 1758 1640 1839 gratiosis
1687 1762 1753 1821 et
1797 1757 2182 1840 executorijs
2229 1755 2600 1821 earumdem
2648 1756 2762 1820 ali-

203 1884 338 1945 que
385 1862 670 1926 clausule
716 1883 844 1926 non
891 1884 1260 1927 communes
1314 1864 1416 1928 vel
1471 1863 1732 1929 insolite
1788 1868 2222 1947 apponantur,
2270 1869 2429 1946 puta
2473 1865 2761 1927 narratio

201 1970 564 2034 vacationis
609 1969 903 2052 beneficij
955 1975 1021 2034 et
1072 1970 1525 2035 reservationis
1579 1968 1874 2053 beneficij
1933 1969 2232 2052 specialis
2287 1969 2387 2034 vel
2441 1971 2761 2051 generalis

202 2083 362 2141 ante
408 2077 509 2141 vel
555 2082 706 2159 post
750 2077 1149 2141 vacationem
1196 2076 1365 2142 facte
1413 2077 1492 2141 de
1528 2077 1642 2141 illo
1674 2076 1774 2141 vel
1806 2078 2091 2141 narratio
2124 2078 2577 2159 resignationis
2610 2079 2759 2141 sim-

200 2183 464 2267 pliciter
518 2184 619 2248 vel
675 2204 753 2247 ex
799 2204 997 2248 causa
1042 2185 1541 2267 permutacionis
1588 2184 1669 2248 de
1716 2184 2022 2249 mandato
2067 2190 2289 2248 nostro
2336 2182 2615 2249 admisse
2661 2186 2761 2249 vel

202 2290 501 2355 clausula
565 2292 1026 2374 acceptationis
1090 2291 1190 2356 vel
1246 2292 1748 2374 dispensationis
1814 2312 2009 2374 super
2073 2290 2325 2357 defectu
2392 2292 2582 2356 etatis
2659 2293 2759 2356 vel

198 2396 520 2461 natalium
566 2398 667 2463 vel
722 2419 917 2481 super
968 2397 1340 2481 pluralitate
1386 2397 1845 2462 beneficiorum
1892 2404 1958 2463 et
2002 2398 2128 2463 alie
2172 2398 2539 2464 huiusmodi
2586 2400 2758 2465 clau-

200 2504 347 2569 sule
377 2505 654 2587 insolite,
704 2528 830 2570 non
875 2505 1102 2570 habita
1150 2504 1663 2570 consideratione
1710 2504 1792 2569 ad
1823 2505 2105 2571 valorem
2137 2505 2455 2590 beneficij,
2505 2506 2583 2572 de
2631 2528 2758 2590 quo

198 2611 321 2676 fiet
375 2613 586 2694 gratia
608 2663 623 2694 ,
672 2611 785 2677 sed
842 2611 925 2676 ad
978 2612 1268 2677 laborem
1315 2613 1632 2695 scripture
1687 2612 2053 2694 dumtaxat,
2109 2635 2226 2696 pro
2274 2613 2525 2678 duabus
2571 2614 2758 2679 lineis

199 2719 642 2785 clausularum
695 2720 1101 2785 insolitarum
1156 2718 1522 2784 huiusmodi
1578 2719 1882 2784 dimidius
1938 2718 2332 2785 Turonensis
2388 2722 2639 2803 argenti
2695 2728 2761 2786 et

199 2849 334 2892 non
381 2827 526 2911 plus
575 2832 975 2911 supponatur
1021 2833 1086 2891 et
1132 2832 1540 2910 computetur
1584 2826 1756 2891 ultra
1802 2829 2198 2892 taxationem
2244 2828 2621 2911 predictam.

382 2935 482 3000 De
539 2934 836 3000 omnibus
884 2933 1029 3016 alijs
1084 2932 1272 2998 lineis
1328 2933 1754 3012 restantibus,
1802 2935 1857 2998 si
1903 2955 2028 3016 que
2085 2933 2351 3016 fuerint,
2409 2936 2532 3001 hoc
2585 2935 2758 3002 idem

200 3043 452 3106 servari
496 3041 898 3106 mandantes.

382 3149 483 3213 De
529 3149 999 3228 commissione,
1049 3169 1177 3230 qua
1222 3148 1568 3213 mandatur
1611 3148 1935 3231 provideri
1979 3149 2295 3215 monacho
2342 3150 2421 3215 de
2466 3152 2758 3235 prioratu

198 3255 305 3320 vel
351 3256 663 3322 beneficio
711 3255 982 3320 seculari
1030 3260 1096 3320 et
1140 3276 1284 3319 cum
1330 3252 1784 3336 translatione,
1821 3255 2099 3321 sedecim
2147 3255 2575 3323 TuronenseS.

380 3363 481 3429 De
528 3364 997 3443 commissione,
1046 3362 1218 3445 quod
1249 3363 1665 3446 provideatur
1695 3361 1775 3427 de
1805 3363 2097 3446 prioratu
2126 3364 2227 3429 vel
2260 3363 2387 3429 alio
2419 3364 2753 3448 beneficiO,

197 3471 327 3535 nisi
372 3476 662 3554 tempore
710 3470 858 3535 date
904 3472 1003 3534 ius
1040 3474 1066 3553 ΙΙ
1102 3469 1209 3553 alij
1260 3471 1346 3534 sit
1390 3470 1735 3553 quesitum,
1784 3469 2063 3536 sedecim
2112 3469 2540 3537 Turonenses.
2793 3476 2913 3531 Fol.
2954 3482 3071 3531 97¹.

380 3577 481 3642 De
528 3578 998 3660 commissione,
1047 3578 1220 3660 quod
1266 3576 1681 3662 provideatur
1727 3576 1806 3642 de
1851 3579 2141 3662 prioratu
2188 3584 2332 3660 etc„
2381 3586 2455 3644 ut
2497 3581 2565 3645 in
2610 3602 2753 3665 pre·

199 3685 456 3751 cedenti
500 3685 810 3769 proxima.
830 3685 851 3723 ¹

378 3791 479 3856 De
526 3791 891 3857 confessore
938 3792 1233 3876 eligendo
1280 3792 1659 3876 simpliciter
1704 3791 1928 3858 decem
1974 3793 2402 3860 TuronenseS.

378 3898 478 3964 De
540 3898 944 3982 indulgentia
1004 3899 1298 3983 plenaria
1358 3921 1475 3983 pro
1541 3922 1669 3966 uno
1734 3900 2251 3983 quatuordecim,
2317 3924 2435 3985 pro
2497 3902 2633 3966 viro
2690 3908 2757 3967 et

108 4048 113 4051 <
200 4029 402 4072 uxore
449 4006 730 4072 sedecim
776 4005 1204 4074 Turonenses

378 4112 481 4177 De
528 4113 719 4177 altari
765 4114 1076 4198 portatili,
1127 4116 1324 4179 etiam
1372 4116 1428 4179 si
1473 4138 1591 4199 pro
1641 4115 1963 4198 duobuss.
2003 4166 2016 4181 .
2054 4124 2111 4180 ‚²
2156 4116 2585 4183 TuronenseS.

377 4219 479 4284 De
525 4219 957 4286 celebratione
1003 4227 1153 4286 ante
1199 4221 1410 4286 lucem
1458 4221 1681 4287 decem
1726 4222 2156 4288 TuronenseS.

375 4327 478 4392 De
519 4329 939 4401 sacramentis
971 4328 1430 4394 ecclesiasticis
1461 4329 1905 4395 ministrandis
1943 4353 2061 4416 pro
2094 4331 2499 4398 confessore3
2530 4332 2753 4399 decem

197 4434 627 4502 Turonenses.

378 4668 396 4703 ¹
438 4675 499 4725 ut
523 4699 589 4708 -
614 4670 863 4742 proxima
899 4677 984 4729 rot
1021 4672 1436 4733 unterstrichen.
1561 4673 1582 4708 ²
1619 4672 1757 4734 Zahl
1781 4673 1934 4733 fehlt.
2047 4674 2068 4705 ³
2093 4673 2434 4734 Vermutlich
2471 4691 2571 4750 per
2607 4673 2748 4734 conf.
