3242 5184
1244 262 1734 325 -177—

478 509 820 574 Rubrica
869 508 954 573 de
1003 510 1296 575 salario
1344 508 1793 592 recipiendo
1839 531 1974 592 pro
2025 508 2590 590 correctionem1
2636 529 2764 571 no-

571 623 821 681 tarum
867 615 1318 680 litterarum
1364 616 1699 680 iusticie.

392 758 709 842 Quodque
764 758 1251 825 abbreviatores
1317 758 1676 823 dictorum2
1739 759 2141 824 notariorum
2194 779 2312 842 pro
2371 758 2769 823 correctione

218 873 516 932 notarum
561 866 849 950 ipsarum
894 866 1069 930 ultra
1115 867 1485 930 taxationes
1529 887 1660 930 non
1714 866 2035 949 recipiant
2098 864 2576 948 infrascriptae,
2644 885 2770 946 que

216 975 379 1038 tales
427 974 714 1038 existunt
760 973 1089 1055 videlicet,
1148 972 1321 1056 quod
1374 995 1502 1037 uno
1558 971 1921 1037 Turonensi
1970 973 2221 1055 argenti
2267 993 2384 1055 pro
2433 969 2772 1035 duodecim

222 1081 500 1163 denarijs
565 1079 1048 1153 Turonensibus
1123 1081 1339 1164 parvis
1414 1100 1585 1142 nunc
1662 1085 1728 1142 et
1790 1079 2213 1162 imposterum
2278 1076 2774 1142 immutabiliter

222 1194 593 1271 computato
658 1210 775 1270 pro
848 1188 1242 1251 correctione
1308 1195 1588 1269 quatuor
1655 1185 2044 1268 simplicium
2120 1186 2311 1249 unius
2376 1184 2771 1250 Turonensis

222 1295 471 1377 argenti
520 1295 805 1378 receptio
853 1295 1224 1358 nullatenus
1273 1292 1641 1358 excedatur.

399 1406 424 1485 ΙΙ
448 1400 618 1467 Pro3
665 1403 1062 1466 correctione
1125 1400 1400 1483 duplicis
1459 1406 1610 1464 note
1661 1399 2029 1464 litterarum
2076 1399 2497 1482 protectionis
2557 1418 2773 1462 cruce·
2832 1398 2952 1454 Fol·
2975 1402 3093 1452 92⁸.

221 1510 620 1590 signatorum
667 1530 797 1573 non
843 1508 1018 1572 ultra
1062 1509 1252 1571 unius
1300 1507 1527 1571 similis
1576 1506 1990 1572 Turonensis,
2476 1567 2495 1581 ,

396 1615 527 1680 Pro
577 1616 974 1680 correctione
1023 1614 1297 1698 duplicis
1344 1619 1495 1678 note
1554 1613 1890 1679 formande
1959 1612 2163 1695 „Cum
2212 1613 2562 1677 secundum
2622 1633 2774 1695 apo-

226 1722 507 1787 stolum“
557 1743 684 1785 non
731 1722 907 1786 ultra
952 1722 1143 1786 unius
1191 1720 1419 1784 similis
1466 1720 1880 1785 Turonensis,

400 1827 530 1891 Pro
571 1829 968 1893 correctione
1015 1835 1167 1893 note
1199 1829 1619 1911 protectionis
1652 1828 2101 1909 religiosorum
2135 1826 2546 1892 denominate
2581 1825 2777 1907 „Per-

226 1957 417 2001 sonas
449 1942 699 2000 vestras
733 1942 799 2000 et
829 1935 1085 2001 locum“
1134 1941 1200 1999 et
1239 1933 1748 1999 confirmationis
1782 1955 1928 1998 cum
1977 1933 2430 1998 subiunctione
2470 1932 2777 2013 clausule,

224 2043 473 2107 scilicet
520 2042 889 2124 specialiter
935 2046 1152 2104 autem
1201 2041 1505 2123 decimae,
1554 2047 1764 2105 terras
1814 2062 1958 2104 cum
1992 2040 2415 2124 sequentibus
2447 2062 2577 2104 non
2606 2038 2782 2103 ultra

229 2150 422 2228 unius
470 2148 701 2212 similis
748 2148 1163 2213 Turonensis.

404 2256 535 2320 Pro
602 2256 998 2319 correctione
1066 2253 1341 2338 duplicis
1397 2261 1547 2320 note
1605 2254 2209 2337 „Excommunicati
2258 2259 2485 2319 contra
2532 2258 2783 2318 statuta

227 2362 481 2445 concilij
534 2361 898 2444 generalis“
947 2362 1137 2425 unius
1185 2358 1414 2426 similis
1461 2361 1875 2427 Turonensis,

403 2469 533 2533 Pro
566 2469 963 2533 correctione
995 2474 1147 2533 note
1168 2490 1362 2552 super
1379 2467 1781 2533 relaxatione
1801 2469 2148 2532 iuramenti
2179 2469 2417 2533 extorti
2437 2467 2516 2532 de
2536 2489 2662 2531 non
2684 2488 2783 2531 re-

224 2576 525 2661 petendis
573 2576 786 2638 usuris
820 2581 935 2639 aut
966 2575 1343 2658 pignoribus
1379 2575 1657 2639 detentis
1697 2575 1816 2639 sub
1850 2575 2011 2640 false
2043 2575 2432 2640 venditionis
2466 2575 2679 2658 specie
2717 2574 2782 2636 in

223 2682 520 2748 fraudem
552 2703 898 2746 usurarum
931 2681 1235 2745 simulate
1266 2688 1573 2766 concepte
1605 2683 1796 2747 unius
1830 2683 2079 2747 scilicet
2110 2683 2337 2746 similis
2368 2681 2782 2746 Turonensis.

406 2790 536 2855 Pro
569 2790 966 2854 correctione
997 2795 1149 2853 note
1197 2790 1677 2870 conquestionis
1725 2795 2159 2854 mercatorum
2200 2795 2427 2855 contra
2459 2788 2785 2853 debitores

228 2919 401 2979 SUOS,
452 2896 564 2979 qui
594 2918 722 2961 non
756 2894 1083 2960 solverant
1114 2896 1408 2960 terminis
1439 2897 1830 2980 prestitutiS,
1864 2897 2055 2959 unius
2095 2896 2323 2961 similis
2370 2895 2783 2960 Turonensis,

407 3003 538 3068 Pro
597 3003 992 3068 correctione
1048 3009 1199 3067 note
1256 3024 1450 3086 super
1514 3002 1926 3068 absolvendis
1992 3003 2354 3084 monachis,
2422 3002 2788 3066 canonicis4

235 3109 646 3193 regularibus
679 3115 745 3174 et
776 3110 1100 3174 conversis
1146 3130 1262 3192 per
1309 3108 1582 3174 abbates
1631 3131 1744 3174 seu
1791 3110 2075 3193 prelatos
2125 3131 2346 3174 eorum
2394 3109 2555 3173 alios
2601 3130 2786 3190 regu-

229 3218 404 3282 lares
453 3216 700 3299 dimidij
754 3216 981 3280 similis
1029 3215 1443 3280 Turonensis,

406 3323 540 3388 Pro
598 3323 994 3388 correctione
1050 3328 1202 3387 note
1248 3322 1540 3404 illorum,
1605 3323 1718 3405 qui
1766 3322 1848 3387 ab
1906 3323 2116 3388 alieno
2179 3322 2475 3386 antistite
2532 3322 2791 3386 fuerant

236 3430 540 3513 ordinati,
591 3430 837 3512 dimidij
892 3428 1119 3494 similis
1167 3428 1582 3495 Turonensis,

413 3536 587 3602 Nota
631 3557 782 3600 vero
830 3536 1268 3619 spoliationiS,
1316 3537 1382 3599 in
1432 3558 1561 3619 qua
1606 3537 2042 3620 interponitur
2089 3535 2381 3601 clausula
2439 3536 2558 3601 de5
2605 3538 2789 3600 resti-

236 3643 494 3709 tuendis
526 3645 765 3707 iniuste
813 3643 1167 3726 spoliatisss,
1217 3643 1385 3706 sicut
1429 3665 1559 3707 una
1606 3642 1686 3708 de
1734 3642 2124 3727 supradictis
2173 3643 2572 3726 simplicibus
2621 3666 2791 3709 com-

238 3756 522 3834 putetur.

415 3857 545 3921 Pro
584 3857 979 3922 correctione
1025 3863 1177 3921 note
1224 3861 1449 3922 contra
1494 3865 1779 3923 rectores
1826 3857 2266 3942 parrochiales
2316 3879 2429 3922 seu
2462 3858 2623 3922 alios
2657 3859 2792 3922 ani-

237 3985 490 4030 marum
554 3963 1131 4047 parrochianorum
1197 3985 1392 4047 super
1454 3964 1577 4029 hoc
1641 3965 2120 4049 inpeccantium
2189 3986 2411 4029 curam
2475 3970 2792 4047 gerenteS,

421 4179 439 4210 ¹
477 4178 585 4233 Die
640 4183 781 4233 erste
818 4179 965 4233 Zeile
1012 4179 1110 4233 der
1143 4166 1492 4235 siberschrift
1536 4195 1627 4233 am
1664 4178 1821 4233 Ende
1869 4179 1967 4233 der
2011 4178 2214 4234 letzten
2252 4179 2398 4234 Zeile
2445 4179 2542 4234 des
2578 4178 2795 4235 vorher-

239 4267 530 4340 gehenden
567 4266 936 4322 Abschnittes,
1107 4267 1129 4298 ²
1164 4267 1321 4322 Nach
1357 4267 1630 4323 dictorum
1667 4269 1756 4322 ein
1802 4284 1837 4321 a
1874 4267 2048 4321 durch
2083 4267 2548 4323 Durchstreiehen
2583 4267 2797 4339 getilgt.

242 4356 264 4388 ³
301 4356 559 4411 Darfiber
596 4374 705 4411 von
741 4357 975 4411 anderer
1009 4356 1135 4410 sehr
1169 4356 1463 4428 fliichtiger
1499 4356 1690 4411 Hand:
1741 4357 1810 4410 de
1859 4357 2060 4411 salario
2095 4358 2505 4413 abreviatorum
2542 4363 2798 4412 notarum

245 4463 349 4516 pro
386 4446 727 4515 correptione
763 4451 1036 4500 notarum.
1215 4445 1238 4476 ⁴
1274 4445 1392 4500 Das
1428 4450 1569 4500 erste
1605 4447 1626 4499 i
1662 4463 1772 4501 von
1808 4445 2042 4501 anderer
2077 4446 2245 4500 Hand
2283 4463 2383 4501 aus
2419 4463 2454 4500 a
2489 4445 2797 4516 korrigiert,

245 4536 267 4566 ⁶
291 4534 448 4590 Nach
486 4535 522 4587 d
558 4536 629 4588 ist
664 4536 809 4589 inter
831 4541 918 4589 rot
942 4534 1429 4606 durchgestrichen
1452 4536 1566 4588 und
1591 4535 1806 4606 getilgt.
1917 4535 1939 4567 ⁰
1973 4534 2317 4606 spoliationis
2352 4535 2514 4589 stand
2540 4535 2616 4586 im
2641 4534 2799 4587 Text,

212 4612 364 4680 ‘onis
400 4629 486 4678 rot
522 4622 1024 4693 durchgestriehen.
1098 4623 1258 4678 Doch
1296 4623 1479 4678 durfte
1515 4624 1614 4678 das
1651 4642 1677 4677 s
1713 4623 1866 4677 nicht
1900 4624 2101 4695 getilgt
2134 4625 2373 4680 werden,

354 4730 541 4784 Eunu,
576 4729 746 4772 Theod.
776 4729 834 4772 de
859 4731 1022 4782 Nyem,
2309 4720 2373 4769 12
