3242 5184
247 2750 366 2805 Fol.
406 2752 525 2805 261‘.

1629 317 2056 378 -48—

568 491 808 574 proprij
860 491 1146 574 episcopi
1194 492 1447 574 copiam
1493 513 1621 573 non
1667 490 1964 573 habetis,
2032 492 2087 556 si
2135 513 2327 574 quem
2393 493 2766 575 episcopum
2826 491 3119 556 Romane

569 598 761 679 sedis,
817 602 892 661 ut
937 597 1235 679 diximuS,
1292 598 1582 680 graciam
1637 603 1703 662 et
1756 599 2269 663 communionem
2323 598 2691 680 habentem,
2757 605 2824 663 et
2870 599 2951 663 de
3003 621 3120 681 quo

566 704 825 788 plenam
880 705 1188 769 noticiam
1241 704 1562 786 habeatis,
1609 725 1726 787 per
1772 726 1883 768 vos
1929 706 2209 769 transire
2257 706 2625 788 contigerit,
2686 705 2768 769 ab
2807 727 2884 771 eo
2933 707 3120 770 bene-

568 812 881 876 dictiones
928 832 1229 876 vasorum
1276 817 1343 874 et
1396 812 1693 892 vestium,
1744 812 2259 877 consecrationes
2308 812 2634 893 altarium,
2683 812 3119 877 ordinationes

566 918 1028 982 monachorum
1076 918 1466 982 auctoritate
1513 918 1871 1000 apostolica
1900 919 2185 1001 recipere
2216 919 2509 983 valeatis,
2603 918 2806 983 Porro
2854 919 2911 982 si
2962 919 3118 1000 epis-

567 1026 713 1108 copi
757 1024 859 1088 vel
906 1024 1014 1106 alij
1066 1024 1485 1088 ecclesiarum
1539 1031 1824 1089 rectores
1870 1025 1938 1088 in
1984 1026 2446 1089 monasterium
2501 1031 2787 1089 vestrum
2831 1025 2937 1089 vel
2986 1046 3117 1109 per-

568 1153 759 1197 sonas
822 1129 984 1193 inibi
1040 1132 1427 1194 constitutas
1484 1132 1942 1214 suspensioniS,
2010 1132 2692 1197 excommunicationis
2755 1132 2854 1199 vel
2928 1134 3115 1196 inter-

567 1238 726 1302 dicti
783 1239 1170 1301 sententiam
1225 1237 1776 1320 promulgaverint
1829 1239 1963 1301 sive
2021 1240 2218 1302 etiam
2273 1241 2340 1303 in
2396 1240 2827 1304 mercenarios
2874 1245 3115 1303 vestros

565 1367 684 1427 pro
716 1365 813 1425 e0,
862 1343 1036 1425 quod
1084 1343 1386 1424 decimas,
1436 1344 1604 1408 sicut
1650 1343 1893 1408 dictum
1941 1351 2060 1425 est,
2109 1368 2238 1410 non
2284 1346 2671 1429 persolvitis,
2721 1346 2853 1409 sive
2903 1347 3115 1427 aliqua

567 1453 903 1516 occasione
953 1472 1205 1531 eorum,
1255 1470 1380 1531 que
1429 1449 1512 1514 ab
1560 1451 1918 1533 apostolica
1974 1451 2373 1534 benignitate
2421 1454 2603 1517 vobis
2648 1451 2905 1515 indulta
2957 1459 3112 1530 sunt,

567 1579 681 1622 seu
734 1556 1183 1621 benefactores
1238 1562 1488 1620 vestros
1544 1578 1662 1639 pro
1710 1578 1822 1638 ·eo,
1880 1558 2053 1639 quod
2119 1559 2340 1641 aliqua
2403 1559 2586 1624 vobis
2651 1557 2964 1623 benefitia
3027 1558 3114 1621 vel

567 1665 879 1746 obsequia
911 1684 990 1727 ex
1023 1662 1296 1726 caritate
1327 1663 1735 1745 prestiterint
1764 1665 1864 1728 vel
1896 1665 1981 1728 ad
2011 1664 2439 1730 laborandum
2472 1665 2838 1729 adiuverint
2881 1666 2957 1728 in
2999 1666 3113 1728 illis

568 1770 817 1851 diebus,
864 1770 931 1834 in
963 1768 1199 1850 quibus
1246 1790 1359 1832 vos
1405 1768 1720 1834 laboratis
1769 1776 1835 1834 et
1875 1772 1983 1855 alij
2026 1770 2362 1853 feriantur,
2411 1771 2684 1836 eandem
2732 1774 3114 1837 sententiam

565 1875 974 1958 protulerint,
1015 1876 1225 1957 ipsam
1258 1881 1594 1957 tamquam
1627 1878 1891 1941 contra1
1924 1878 2096 1942 sedis
2130 1878 2484 1961 apostolice
2515 1868 2771 1943 indulta
2797 1879 3114 1961 prolatam

566 1983 967 2049 decernimus
1015 1981 1417 2046 irritandam.
1510 1983 1645 2048 Nec
1690 1983 1904 2048 littere
1951 1972 2059 2049 ille
2115 1985 2491 2049 firmitatem
2556 1985 2876 2066 habeant,
2963 2007 3113 2068 quas

564 2090 764 2153 tacito
820 2089 1077 2154 nomine
1135 2087 1581 2153 Cisterciensis
1640 2090 1882 2155 ordinis
1937 2098 2001 2155 et
2047 2099 2273 2157 contra
2318 2092 2572 2157 indulta
2617 2092 3112 2174 apostolicorum

565 2196 1045 2279 privilegiorum
1101 2196 1468 2260 constiterit
1520 2176 1876 2279 impetrari.
1969 2198 2280 2262 Preterea
2334 2220 2478 2262 cum
2538 2220 2873 2263 commune
2924 2201 3111 2264 inter-

566 2303 812 2367 dictum
857 2309 1029 2366 terre
1074 2302 1297 2383 fuerit,
1358 2302 1555 2367 liceat
1599 2304 1783 2369 vobis
1830 2304 2281 2370 nichilominus
2328 2306 2393 2369 in
2441 2310 2654 2370 vestro
2702 2307 3110 2384 monasteriO,

566 2409 841 2474 exclusis
880 2410 1444 2474 excommunicatis
1484 2416 1551 2473 et
1586 2410 1970 2492 interdictis,
2012 2411 2228 2475 divina
2274 2412 2488 2477 officia
2534 2412 2880 2477 celebrare.
2966 2412 3113 2477 Paci

565 2538 821 2599 quoque
900 2522 967 2580 et
1044 2516 1503 2598 tranquillitati
1567 2523 1781 2582 vestre
1845 2525 2120 2600 paterna
2181 2520 2607 2602 imposterum
2683 2519 3111 2584 sollicitudine

563 2622 900 2706 providere
947 2623 1255 2703 volentes,
1306 2623 1694 2687 auctoritate
1742 2624 2098 2707 apostolica
2134 2626 2570 2707 prohibemus,
2619 2631 2692 2689 ut
2727 2624 2898 2689 infra
2950 2627 3110 2691 clau-

565 2751 751 2793 suras
798 2730 1084 2794 locorum
1132 2751 1245 2794 seu
1290 2750 1451 2811 gran
1488 2730 1505 2818 Η
1541 2730 1793 2811 giarum
1840 2737 2203 2795 vestrarum
2234 2732 2448 2795 nullus
2494 2733 2791 2813 rapinam
2825 2752 2946 2796 seu
2992 2732 3109 2796 fur-

564 2843 702 2901 tum
759 2836 997 2918 facere,
1046 2838 1260 2920 ignem
1309 2857 1663 2919 apponere,
1723 2839 2101 2919 sanguinem
2148 2839 2445 2919 fundere,
2503 2838 2827 2902 hominem
2875 2845 3109 2903 temere

565 2964 797 3026 capere
861 2944 964 3007 vel
1025 2943 1391 3007 interficere
1456 2964 1570 3008 seu
1635 2943 2007 3008 violentiam
2073 2944 2313 3009 audeat
2376 2965 2695 3009 exercere.
2806 2944 3110 3010 Preterea

565 3071 783 3115 omnes
831 3049 1165 3113 libertates
1214 3055 1279 3113 et
1324 3050 1744 3114 inmunitates
1793 3073 1832 3114 a
1877 3050 2440 3133 predecessoribus
2490 3052 2748 3132 nostris,
2804 3051 3109 3116 Romanis

562 3155 996 3240 pontificibuS‚
1046 3155 1256 3220 ordini
1302 3161 1517 3220 vestro
1564 3177 1903 3222 concessas
1951 3178 2199 3222 necnon
2247 3164 2314 3222 et
2357 3157 2695 3221 libertates
2744 3163 2810 3220 et
2858 3178 3106 3239 exemp-

563 3265 771 3329 tiones
804 3263 1191 3327 secularium
1238 3263 1655 3327 exaccionum
1703 3285 1742 3327 a
1785 3263 2044 3346 regibus
2092 3270 2158 3328 et
2201 3264 2601 3347 principibus
2634 3263 2734 3328 vel
2766 3263 2919 3346 alijs
2965 3263 3108 3327 fide-

561 3371 733 3435 libus
780 3368 1266 3435 racionabiliter
1311 3368 1491 3433 vobis
1529 3368 1814 3433 indultas
1854 3372 2240 3435 auctoritate
2274 3371 2630 3453 apostolica
2661 3369 3108 3435 confirmamus

564 3484 630 3541 et
683 3477 1000 3559 presentis
1060 3477 1283 3558 scripti
1337 3476 1672 3558 privilegio
1729 3474 2216 3541 communimus.
2310 3477 2733 3541 Decernimus
2799 3498 2983 3559 ergo,
3044 3481 3109 3539 ut

562 3584 721 3647 nulli
770 3584 1025 3647 omnino
1072 3582 1403 3646 hominum
1449 3581 1646 3645 liceat
1691 3581 2015 3664 prefatum
2061 3585 2525 3648 monasterium
2571 3589 2814 3647 temere
2862 3590 3106 3667 pertur-

563 3690 719 3754 bare
768 3696 881 3754 aut
927 3690 1064 3752 eius
1111 3689 1550 3771 possessiones
1598 3690 1853 3753 auferre
1898 3690 2000 3754 vel
2031 3690 2286 3755 ablatas
2317 3692 2618 3770 retinere,
2667 3690 2959 3754 minuere
3004 3711 3104 3753 seu

564 3796 1057 3878 quibuscunque
1103 3794 1558 3859 vexacionibus
1606 3794 1902 3878 fatigare,
1951 3796 2064 3860 sed
2112 3798 2328 3862 omnia
2371 3798 2626 3878 integra
2657 3803 3104 3861 conserventur

565 3925 804 3984 eorum,
870 3925 987 3985 pro
1052 3922 1325 3984 quorum
1389 3900 1857 3982 gubernatione
1926 3924 2002 3966 ac
2067 3904 2546 3987 sustentacione
2603 3924 2913 3968 concessa
2967 3907 3102 3967 sunt

560 4009 785 4074 usibus
861 4008 1241 4073 omnimodis
1319 4005 1696 4089 profutura,
1773 4010 1952 4073 salva
2030 4009 2200 4073 sedis
2277 4010 2629 4092 apostolice
2704 4011 3097 4074 auctoritate.

563 4115 630 4181 Si
695 4138 824 4198 qua
885 4115 1085 4197 igitur
1154 4113 1573 4178 infuturum
1639 4115 2080 4180 ecclesiastica
2155 4117 2540 4180 secularisve
2604 4137 2885 4198 persona
2947 4118 3097 4180 hanc

560 4229 779 4289 nostre
812 4222 1297 4287 constitucionis
1329 4214 1632 4304 paginam
1680 4223 1887 4286 sciens
1936 4228 2161 4286 contra
2207 4243 2349 4286 eam
2380 4229 2621 4286 temere
2658 4224 2877 4287 venire
2910 4231 3095 4304 temp-

561 4331 826 4410 taverit,
891 4328 1169 4393 secundo
1235 4328 1514 4393 terciove
1579 4330 2004 4410 commonita,
2071 4330 2195 4392 nisi
2258 4335 2511 4392 reatum
2577 4351 2764 4392 suum
2828 4349 3098 4412 congrua

563 4435 1002 4501 satisfactione
1050 4435 1432 4516 correxerit,
1499 4436 1841 4517 potestatis
1906 4435 2296 4516 honorisque
2362 4437 2462 4499 sui
2518 4444 2739 4500 careat
2794 4437 3092 4518 dignitate

731 4688 746 4718 ¹
790 4674 939 4742 Uber
975 4686 1073 4739 der
1110 4685 1256 4739 Zeile
1294 4703 1404 4739 von
1441 4684 1674 4739 anderer
1711 4685 1877 4739 Hand
1916 4685 2339 4755 nachgetragen.
