3242 5184
216 2673 336 2729 Pol.
376 2678 442 2729 57
456 2680 497 2729 ⁸.

1564 331 1652 337 ,-
1749 291 1871 351 108
1965 331 2052 336 ,-

532 467 917 532 sententiam
970 466 1398 548 promulgare.
1491 466 1667 531 Nulli
1722 488 1873 549 ergo
1920 473 2040 532 etc.
2099 473 2317 532 nostre
2372 467 2774 531 inhibitionis
2822 473 2887 531 et
2933 489 3073 531 con-

528 574 858 639 cessionis·

708 680 868 746 Cum
922 687 1255 763 tamquam
1311 682 1444 746 veri
1504 688 1570 745 et
1613 680 1836 746 fideles
1885 680 2123 746 Christi
2190 682 2466 746 ministri
2523 681 2842 764 elegeritis
2902 682 3076 746 vobis

530 789 597 853 in
662 787 853 853 domo
918 787 1159 852 domini
1224 789 1611 870 mansiones,
1680 788 1944 871 dignum
2001 809 2143 854 esse
2200 788 2542 870 credimUS,
2590 795 2663 854 ut
2704 788 3080 854 habitacula

531 901 746 960 vestra
815 896 985 959 inter
1044 894 1207 960 alias
1278 895 1688 961 honorabiles
1753 897 2281 978 congregationes
2347 895 2633 961 fidelium
2699 902 3077 961 statuamus,

530 1003 702 1068 Hinc
757 1009 858 1067 est
910 1003 1131 1084 igitur,
1190 1001 1363 1084 quod
1418 1004 1649 1068 vestris
1708 1002 2285 1086 supplicationibus
2341 1003 2629 1068 inclinati
2685 1004 3080 1086 presentium

534 1111 919 1174 auctoritate
984 1109 1408 1190 decernimuS,
1475 1115 1548 1174 ut
1611 1110 1879 1175 ecclesie
1943 1117 2155 1175 vestre
2220 1131 2472 1190 omneS‚
2547 1110 2658 1175 ubi
2731 1115 3079 1175 conventus

532 1217 837 1297 existunt,
887 1216 1342 1282 conventuales
1373 1224 1700 1298 vocentur,
1735 1217 2158 1282 concedentes
2192 1217 2373 1281 vobis
2405 1217 2859 1283 nichilominus
2891 1217 3080 1282 licen-

532 1325 720 1404 tiam,
775 1330 849 1388 ut
901 1325 967 1388 in
1022 1323 1179 1407 ipsis
1227 1323 1517 1406 ecclesijs
1566 1323 1650 1389 ad
1698 1347 1858 1407 opus
1906 1325 2177 1389 fratrum
2226 1331 2292 1389 et
2335 1346 2789 1389 conversorum
2845 1330 3080 1389 vestro-

532 1452 674 1496 rum
721 1430 962 1496 habere
992 1430 1195 1496 libere
1227 1431 1544 1496 cimiteria
1574 1430 1864 1496 valeatis.
1944 1417 2118 1495 Nulli
2165 1452 2315 1515 ergo
2348 1438 2567 1497 nostre
2608 1432 3079 1525 constitutionis

516 1545 601 1603 -et
644 1539 1095 1604 concessionis,

799 1734 1162 1800 Eisdem1.

714 1875 930 1961 Quieti
991 1883 1203 1942 vestre
1258 1876 1593 1961 providere
1649 1877 1935 1943 volentes
1982 1877 2370 1943 auctoritate
2424 1877 2606 1944 vobis
2652 1878 2953 1963 predicta
2997 1879 3083 1942 in-

536 1985 894 2068 dulgemuS,
953 1990 1027 2048 ut
1073 1984 1555 2051 commissiones
1615 2006 1961 2050 causarum
2015 1984 2116 2050 vel
2164 1985 2628 2050 sententiarum
2675 1987 3083 2051 executiones

535 2115 576 2157 a
640 2092 792 2157 sede
857 2090 1214 2176 apostolica
1276 2091 1376 2157 vel
1432 2091 1747 2175 delegatis
1805 2091 1942 2157 eius
1994 2113 2107 2156 seu
2154 2115 2193 2157 a
2240 2091 2639 2175 quibuslibet
2685 2092 2834 2177 alijs
2885 2093 3085 2158 factas

536 2200 716 2265 vobis
775 2200 914 2264 sine
973 2204 1188 2263 vestra
1241 2221 1366 2264 non
1429 2200 1779 2263 teneamini
1836 2201 2121 2283 recipere
2166 2198 2517 2279 voluntate,
2566 2201 2691 2264 nisi
2737 2201 2803 2264 in
2852 2201 3085 2265 litteris

536 2306 907 2389 apostolicis
963 2305 1041 2370 de
1097 2306 1508 2371 concessione
1560 2306 1929 2372 huiusmodi
1985 2307 2225 2371 mentio
2281 2305 2619 2372 habeatur.
2712 2307 2895 2372 Nulli
2943 2327 3085 2390 ergo

536 2418 659 2478 etc.
698 2418 917 2479 nostre
963 2413 1398 2479 concessionis
1445 2419 1566 2479 etc.
1607 2419 1745 2478 etc.
1765 2414 1809 2478 ².

808 2665 831 2753 u
883 2662 1524 2746 Archiepiscopis
1601 2671 1676 2728 et
1758 2664 2183 2748 episcopiS‚
2264 2663 2728 2745 abbatibuS,
2807 2664 3083 2750 priori·

892 2769 1033 2834 bus
1080 2775 1261 2835 etc.3

715 2912 875 2978 Cum
940 2912 1323 2978 dilectorum
1369 2912 1668 2994 filiorum,
1734 2915 2028 2995 magistri
2084 2921 2150 2978 et
2193 2914 2466 2978 fratrum
2513 2913 2754 2978 ordinis
2800 2914 3087 2997 predica·

537 3028 771 3100 torum,
820 3019 1119 3103 precibus
1164 3018 1452 3084 inclinati
1507 3041 1623 3103 per
1678 3026 1934 3085 nostras
1979 3020 2447 3085 inhibuerimus
2494 3019 2769 3101 litteraS‚
2819 3043 2904 3086 ne
2952 3022 3088 3103 quis

536 3134 685 3211 post
747 3126 1210 3211 professionem
1275 3125 1484 3191 eidem
1549 3126 1757 3192 ordini
1822 3126 2060 3192 factam
2136 3127 2218 3191 ab
2294 3127 2516 3193 ordine
2579 3128 2721 3210 ipso
2787 3129 2932 3192 sine
2997 3127 3088 3191 sui

538 3235 771 3318 prioris
820 3232 1111 3298 discedat
1138 3233 1404 3298 licentia
1433 3239 1499 3298 et
1546 3233 1983 3299 discedentem
2030 3234 2277 3316 absque
2325 3235 2624 3300 cautione
2657 3236 3087 3299 communium

537 3342 901 3406 litterarum
942 3392 954 3405 .
998 3390 1010 3405 .
1046 3341 1286 3425 prioris
1341 3347 1408 3406 et
1461 3340 1738 3405 fratrum
1792 3343 2079 3424 ipsorum
2135 3342 2524 3406 auctoritate
2580 3340 2852 3405 alicuius
2903 3342 3086 3424 privi-

537 3449 685 3532 legij
746 3447 829 3513 ab
886 3448 1241 3531 apostolica
1295 3447 1446 3513 sede
1499 3447 1735 3513 indulti
1791 3448 2005 3513 nullus
2053 3448 2292 3513 audeat
2335 3450 2635 3529 retinere,
2682 3447 3087 3513 universitati

538 3563 752 3620 vestre
806 3577 922 3639 per
977 3554 1333 3638 apostolica
1387 3556 1631 3638 scripta
1675 3555 2086 3636 mandamus,
2145 3556 2449 3638 quatinus
2498 3555 2822 3637 quoslibet
2868 3562 3088 3620 contra

537 3662 987 3728 inhibitionem
1060 3669 1350 3727 nostram
1423 3661 1506 3726 ab
1570 3663 1859 3746 ipsorum
1933 3662 2205 3726 fratrum
2271 3661 2495 3726 ordine
2559 3662 2966 3728 discedentes
3028 3666 3086 3725 et

536 3776 804 3853 propter
859 3768 980 3833 hoc
1037 3770 1623 3834 excommunicatos
1681 3769 1764 3833 ab
1810 3770 1969 3852 ipsis
2016 3790 2220 3851 usque
2267 3768 2350 3833 ad
2398 3768 2908 3835 satisfactionem
2946 3790 3083 3834 con-

540 3875 800 3959 dignam
849 3877 1052 3940 artius
1101 3875 1354 3940 evitetis
1402 3882 1467 3940 et
1511 3875 1768 3941 faciatis
1816 3875 1900 3941 ab
1948 3876 2244 3941 omnibus
2292 3876 2541 3941 evitari.

806 4070 1173 4136 Eisdem4.

719 4195 1042 4279 Quoniam
1088 4195 1489 4261 habundavit
1531 4198 1843 4280 iniquitas
1891 4204 1957 4262 et
2011 4198 2305 4280 refriguit
2361 4198 2600 4262 caritas
2647 4196 3078 4279 plurimorum,

540 4326 688 4370 ecce
762 4303 1053 4370 ordinem
1128 4303 1506 4370 dilectorum
1572 4303 1851 4371 filiorum
1917 4304 2189 4369 fratrum
2252 4303 2731 4388 predicatorum
2796 4303 3078 4370 dominus

720 4484 737 4515 ¹
775 4483 886 4538 Am
924 4483 1081 4538 Ende
1119 4484 1217 4572 def
1254 4490 1433 4538 ersten
1472 4483 1620 4540 Zeile
1658 4483 1799 4537 nach
1836 4484 2100 4554 predicta.
2271 4484 2293 4516 ²
2328 4482 2447 4537 Das
2482 4484 2675 4539 zweite
2711 4488 2813 4537 etc.
2852 4484 2907 4534 iu
2943 4485 3078 4534 rotet

539 4572 758 4626 Schrift.
959 4572 981 4603 ³
1016 4572 1125 4626 Die
1170 4572 1518 4628 Uberschrift
1566 4573 1670 4627 auf
1709 4573 1806 4627 der
1853 4579 2032 4627 ersten
2079 4573 2228 4627 Zeile
2275 4573 2372 4626 des
2409 4589 2588 4626 neuen
2634 4571 2901 4626 Absatzes
2945 4567 3076 4623 nach

539 4661 794 4718 filiorum.
975 4661 999 4693 ⁴
1035 4661 1159 4717 Auf
1189 4662 1286 4718 der
1322 4669 1504 4717 ersten
1541 4662 1689 4718 Zeile
1725 4661 1867 4718 nach
1904 4664 2119 4733 cai-itae,
2155 4680 2280 4718 zum
2317 4661 2442 4718 Teil
2479 4679 2569 4717 am
2606 4661 2816 4718 Raude.
3045 4684 3052 4691 ·
