3242 5184
1297 277 1742 339 *55-

246 457 368 516 aut
431 473 652 517 eorum
717 450 1024 516 officiales
1087 450 1156 513 in
1208 471 1518 542 personas
1575 455 1825 515 vestras
1881 450 1980 515 vel
2035 451 2340 516 ecclesias
2407 451 2802 515 sentenciam

246 538 563 641 aliquam·
593 563 818 623 contra
870 556 1240 622 libertatem
1294 556 1539 621 eisdem
1594 579 1635 622 a
1688 557 2255 641 predecessoribus
2309 558 2550 622 nostris
2602 556 2704 621 vel
2762 579 2802 621 a

239 664 437 730 nobis
483 665 802 729 indultam
845 665 1416 747 promulgaverint,
1465 664 1741 729 eandem
1778 665 2165 729 sententiam
2203 670 2538 747 tamquam
2575 670 2802 729 contra

241 771 606 856 apostolice
661 770 832 836 sedis
887 770 1141 836 indulta
1193 772 1517 855 prolatam
1573 771 1917 846 statuimus
1979 771 2381 857 irritandam.
2493 770 2799 836 Decerni-

237 900 391 942 mus
439 899 592 961 ergo
640 883 759 944 etc.
845 877 1039 944 Salva
1085 878 1254 942 sedis
1288 877 1643 962 apostolice
1680 878 2084 943 auctoritate.
2162 877 2230 942 Si
2267 878 2412 959 quis
2445 878 2646 961 igitur
2677 883 2797 943 etc.

238 986 499 1050 Datum
544 990 666 1052 etc.

514 1270 1024 1352 Privilegium
1072 1269 1581 1335 Cartusiense
1628 1275 2047 1353 sequenter
2094 1270 2507 1352 sequiturl.
2839 1273 2959 1328 Fol.
2999 1279 3118 1327 30⁸·

420 1428 820 1512 Religiosam
866 1430 1065 1494 vitam
1113 1429 1499 1513 eligentibus
1549 1430 1974 1513 apostolicum
2029 1430 2327 1495 convenit
2381 1429 2612 1494 adesse
2657 1451 2800 1514 pre-

236 1537 504 1619 sidium,
543 1557 624 1600 ne
670 1536 835 1602 forte
882 1536 1228 1601 cuiuslibet
1273 1537 1662 1601 temeritatis
1709 1537 2004 1601 incursus
2066 1541 2181 1601 aut
2227 1557 2336 1602 eos
2385 1558 2425 1600 a
2467 1537 2800 1619 proposito

234 1651 505 1710 revocet
542 1650 656 1710 aut
691 1643 909 1725 robur,
959 1643 1133 1726 quod
1164 1643 1355 1725 absit,
1406 1666 1588 1709 sacre
1630 1644 1962 1727 religionis
2007 1643 2336 1726 infringat.
2411 1640 2799 1728 Eapropter,

236 1753 467 1818 dilecti
525 1752 592 1814 in
649 1750 905 1817 domino
959 1750 1107 1834 filij,
1172 1751 1405 1815 vestris
1459 1751 1649 1815 iustis
1695 1750 2247 1834 postulacionibus
2295 1746 2644 1815 clementer
2689 1772 2800 1815 an-

234 1861 504 1924 nuimus
561 1863 627 1923 et
682 1859 944 1925 domum
1001 1863 1285 1921 vestram
1341 1879 1486 1922 cum
1533 1857 1830 1923 omnibus
1876 1857 2084 1938 boniS,
2132 1859 2390 1941 pascuis
2438 1864 2504 1923 et
2546 1880 2800 1941 posses-

239 1966 559 2047 sionibuS,
627 1987 790 2049 quas
847 1966 1414 2048 impresentiarum
1477 1964 1963 2030 racionabiliter
2014 1964 2361 2047 possidetis
2419 1970 2534 2028 aut
2588 1965 2656 2028 in
2702 1964 2798 2028 fu-

235 2079 463 2137 turum
524 2074 714 2137 iustis
775 2070 983 2136 modis
1044 2075 1376 2153 prestante
1433 2071 1691 2137 domino
1748 2072 2047 2154 poteritis
2102 2071 2395 2155 adipisci,
2445 2070 2564 2135 sub
2623 2070 2800 2135 beati

236 2178 426 2244 Petri
473 2185 540 2244 et
584 2184 809 2245 nostra
853 2178 1255 2260 protectione
1303 2177 1688 2260 suscipimus
1736 2182 1802 2241 et
1831 2178 2150 2260 presentis
2198 2178 2424 2262 scripti
2463 2178 2800 2261 privilegio

237 2287 713 2352 communimus
732 2286 757 2324 2
804 2290 869 2349 et
914 2284 1225 2349 terminos
1272 2283 1490 2350 domui
1535 2289 1749 2348 vestre
1808 2284 1890 2349 ab
1939 2285 2162 2350 ordine
2210 2284 2609 2350 Cartusiensi
2655 2306 2801 2368 pro-

234 2394 393 2458 vida
440 2392 905 2458 deliberatione
953 2396 1232 2455 statutos
1292 2390 1650 2473 apostolica
1697 2391 2083 2455 auctoritate
2129 2390 2602 2457 confirmamus,
2696 2391 2802 2456 Ad

236 2500 361 2565 hec
420 2500 808 2564 auctoritate
865 2497 1222 2581 apostolica
1276 2497 1721 2561 interdicimus
1778 2501 1844 2561 et
1902 2497 2021 2562 sub
2067 2498 2600 2565 interminacione
2648 2520 2800 2563 ana-

237 2607 550 2672 thematis
596 2604 1032 2689 prohibemus,
1080 2625 1161 2667 ne
1209 2604 1353 2686 quis
1391 2599 1561 2667 infra
1597 2604 1907 2668 terminos
1954 2605 2128 2687 ipsos
2175 2604 2499 2670 hominem
2546 2625 2799 2688 capere,

236 2715 489 2779 furtum
536 2734 650 2777 seu
680 2712 977 2795 rapinam
1010 2711 1412 2776 committere
1460 2714 1575 2773 aut
1614 2710 1828 2792 ignem
1867 2731 2191 2793 apponere
2237 2713 2337 2777 vel
2381 2710 2800 2778 homicidium

240 2821 460 2885 facere
507 2818 746 2884 audeat
802 2824 917 2882 aut
960 2818 1251 2888 homines
1300 2816 1384 2880 ad
1432 2815 1693 2881 domum
1739 2823 2022 2881 vestram
2068 2820 2396 2884 venientes
2444 2818 2544 2883 vel
2591 2818 2674 2883 ab
2724 2839 2801 2882 ea

238 2928 587 2993 redeuntes
636 2925 1117 3008 quomodolibet
1162 2922 1565 3008 perturbare,
1627 2929 1700 2987 ut
1755 2922 1877 2989 ob3
1904 2927 2360 2990 ⁴reverentiam
2418 2926 2520 2990 dei
2567 2931 2633 2990 et
2676 2925 2800 2991 loci

240 3034 444 3099 vestri
489 3032 660 3097 infra
704 3031 1030 3115 predictos
1077 3032 1387 3096 terminos
1434 3052 1561 3095 non
1609 3030 1816 3096 solum
1870 3053 1982 3095 vos
2030 3037 2096 3096 et
2141 3031 2374 3096 fratres
2419 3033 2638 3113 vestri,
2688 3032 2800 3096 sed

247 3142 450 3206 etiam
483 3140 591 3223 alij
626 3139 885 3223 plenam
916 3160 1144 3222 pacem
1188 3137 1476 3202 habeant
1523 3142 1588 3224 et
1635 3138 1937 3219 quietem.
2033 3137 2263 3203 Liceat
2317 3160 2574 3222 quoque
2619 3138 2801 3204 vobis

246 3248 519 3313 clericos
565 3246 666 3310 vel
711 3246 958 3329 laycos,
1005 3245 1246 3310 liberos
1294 3249 1361 3308 et
1407 3243 1761 3326 absolutos,
1811 3265 1845 3308 e
1894 3245 2109 3309 seculo
2156 3243 2475 3327 fugientes
2524 3245 2606 3310 ad
2653 3266 2802 3310 con-

241 3354 605 3419 versionem
663 3358 945 3417 vestram
1002 3352 1291 3435 recipere
1350 3356 1415 3415 et
1469 3372 1578 3416 eos
1636 3351 1882 3432 absque
1938 3351 2133 3415 ullius
2181 3352 2690 3417 contradictione
2737 3351 2803 3415 in

243 3467 461 3527 vestro
533 3459 804 3542 collegio
878 3459 1177 3522 retinere.
1299 3456 1728 3523 Prohibemus
1792 3458 2092 3541 insuper,
2168 3463 2243 3522 ut
2305 3458 2465 3522 nulli
2528 3457 2804 3522 fratrum

246 3573 609 3632 vestrorum
654 3571 805 3649 post
850 3564 1090 3629 factam
1137 3564 1204 3627 in
1251 3563 1477 3628 eodem
1512 3563 1654 3629 loco
1685 3563 2154 3646 professionem
2201 3565 2450 3648 absque
2495 3563 2805 3629 licencia⁴

247 3673 483 3756 prioris
539 3672 639 3737 sui
693 3672 791 3737 fas
858 3673 944 3736 sit
999 3671 1079 3736 de
1146 3670 1429 3735 claustro
1494 3675 1710 3736 vestro
1768 3669 2119 3751 discedere,
2169 3669 2607 3736 discedentem
2652 3692 2803 3737 vero

250 3780 496 3862 absque
529 3779 963 3844 communium
993 3778 1358 3842 litterarum
1392 3778 1698 3842 caucione
1730 3776 1945 3841 nullus
1983 3776 2223 3841 audeat
2253 3778 2552 3843 retinere.
2632 3775 2803 3843 Sane

250 3885 548 3951 laborum
594 3893 958 3950 vestrorum
1004 3884 1083 3949 de
1114 3883 1630 3968 possessionibus
1661 3883 1903 3948 habitis
1951 3889 2102 3949 ante
2135 3883 2474 3949 consilium
2504 3884 2803 3967 generale

252 4013 327 4056 ac
373 3993 570 4057 etiam
616 3991 962 4073 novalium,
1023 4013 1149 4074 que
1194 3991 1474 4075 proprijs
1521 3990 1824 4055 manibus
1872 3995 1987 4055 aut
2033 3990 2396 4074 sumptibus
2444 3991 2676 4073 colitis,
2725 3990 2802 4054 de

432 4189 451 4219 1
489 4188 647 4242 Dazu
685 4205 775 4242 am
813 4187 1009 4242 Raude
1045 4189 1104 4241 in
1139 4192 1287 4242 roter
1323 4186 1542 4242 Schrift:
1586 4188 1654 4242 81
1691 4186 1963 4241 dicatur
1998 4191 2153 4241 ante
2191 4187 2567 4241 consilium
2602 4204 2803 4257 gene·

254 4276 423 4344 rale,
460 4278 773 4346 ponitur:
812 4275 983 4330 Sane
1020 4276 1342 4331 laborum.
1391 4275 1459 4330 81
1494 4293 1656 4330 vero
1693 4276 1967 4330 dicatur
2001 4280 2156 4345 post
2191 4275 2578 4343 consilium,
2615 4272 2813 4345 poni-‘³

255 4368 384 4418 tur:
423 4363 593 4419 Sane
630 4365 982 4421 novalium
1021 4370 1089 4418 et
1124 4370 1382 4419 cetera.
1444 4364 1553 4418 Die
1578 4364 2022 4435 Bullenanfange
2047 4363 2190 4418 Sane
2227 4364 2481 4419 laborum
2518 4365 2633 4418 und
2658 4363 2803 4419 Sane

256 4453 534 4508 novalium
572 4458 629 4508 et
664 4458 846 4508 cetera
881 4455 941 4507 in
975 4453 1293 4523 schwarzer,
1332 4453 1622 4508 braunlich
1648 4454 2006 4524 gewo'rdener
2030 4453 2252 4508 Schrift.
2398 4453 2420 4487 ²
2456 4453 2578 4509 Nur
2602 4452 2802 4524 abgek.

257 4557 317 4595 co
352 4544 453 4596 mit
490 4540 668 4599 Strich
703 4541 844 4598 fiber
880 4542 1006 4597 dem
1044 4560 1093 4597 o.
1262 4542 1284 4574 ³
1319 4542 1463 4597 korr.
1504 4560 1603 4597 aus
1642 4541 1715 4597 ab
1750 4545 1853 4595 mit
1887 4547 2035 4598 roter
2070 4541 2290 4597 schrift.
2470 4541 2494 4573 ⁴
2529 4542 2604 4596 Es
2639 4542 2799 4596 smnd

258 4627 536 4687 licenciam
573 4631 659 4688 da.
734 4650 789 4688 m
825 4649 936 4690 von
972 4631 1261 4709 derselbeu
1298 4632 1463 4688 Tinte
1500 4632 1904 4689 unterstrichen
1943 4633 2059 4690 und
2094 4638 2180 4690 rot
2220 4629 2719 4706 durchgestrichen.
