3242 5184
1298 270 1787 330 ”ml-Q

265 464 542 524 querere
586 443 790 525 illum,
840 445 953 526 qui
997 446 1063 508 in
1111 444 1298 510 domo
1345 430 1610 529 propria
1656 447 2140 529 procurationes
2190 445 2439 511 sobrias
2488 449 2591 511 vix
2622 447 2816 511 inter-

265 548 421 617 dum
470 551 610 615 sine
657 550 962 635 scandalo
1012 552 1156 635 alijs
1204 551 1553 617 exhiberet.
1635 553 2021 637 Accepimus
2055 560 2291 634 autem,
2341 553 2514 635 quod
2552 554 2817 636 quidam

264 664 551 722 vestrum
600 657 822 722 domos
870 658 1252 727 dilectorum
1298 659 1576 724 filiorum
1622 660 1898 724 fratrum
1929 660 2432 726 Ierosolimitani
2470 660 2817 744 hospitalis

265 765 334 828 in
381 785 619 847 magna
649 764 1060 830 multitudine
1109 770 1421 848 equorum
1460 773 1526 832 et
1554 766 1885 832 hominum
1918 767 2230 832 adeuntes
2262 769 2330 831 in
2361 769 2473 848 eis,
2506 766 2818 832 fratribus

267 871 885 953 contradicentibuS,
926 873 1337 956 hospitantur
1368 882 1432 938 et
1465 876 1764 956 expensis
1797 875 2194 956 gravissimis
2225 869 2607 956 inquietant,
2641 894 2819 956 ‘quos

263 978 582 1044 deberent
627 979 709 1044 ob
758 982 1184 1046 reverentiam
1230 987 1550 1061 nostram,
1611 980 1693 1045 ad
1742 984 1921 1046 cuius
1971 981 2406 1047 defensionem
2454 979 2823 1064 specialiter

260 1086 614 1168 pertinent,
664 1092 729 1151 et
774 1086 1305 1152 consideratione
1353 1088 1669 1171 obsequij,
1718 1088 1890 1170 quod
1946 1088 2299 1153 defensioni
2355 1088 2821 1152 christanitatis
2860 1090 2978 1146 Fol-
3020 1092 3137 1143 53¹³.

262 1191 579 1257 exhibent
631 1195 696 1256 in
763 1194 1057 1276 partibus
1116 1196 1605 1277 transmarinis,
1666 1202 1892 1259 contra
1956 1197 2116 1260 alios
2186 1196 2435 1260 solicite
2492 1194 2817 1260 adiuvare.

261 1298 440 1380 Quia
482 1300 681 1382 igitur
724 1301 1000 1365 tolerare
1047 1303 1113 1365 in
1158 1303 1475 1384 patientia
1517 1324 1648 1366 non
1695 1302 2023 1383 debemUS,
2062 1309 2145 1367 ut
2190 1305 2255 1365 in
2302 1301 2530 1367 diebus
2578 1303 2816 1367 nostris

260 1427 467 1471 onera
511 1406 819 1490 predic-tis
865 1407 1176 1473 fratribus
1223 1410 1659 1493 imponantur,
1709 1431 1834 1491 que
1881 1416 2075 1475 antea
2107 1432 2233 1475 non
2272 1415 2632 1492 portarunt,
2682 1409 2821 1473 uni-

258 1515 561 1579 versitati
620 1521 829 1580 vestre
885 1517 1270 1580 auctoritate
1326 1516 1682 1599 apostolica
1737 1516 2093 1581 districtius
2150 1515 2553 1597 inhibemuS,
2621 1537 2701 1580 ne
2756 1517 2824 1580 in

259 1620 567 1686 domibus
634 1642 853 1686 eorum
919 1623 1076 1706 ipsis
1133 1625 1420 1705 queratis
1475 1623 1904 1690 renitentibus
1962 1646 2136 1715 cum,
2173 1645 2395 1689 eorum
2451 1623 2824 1706 gravamine

257 1728 606 1812 hospitari,
640 1729 764 1792 nisi
793 1729 960 1794 forte
990 1729 1056 1793 id
1087 1731 1154 1794 in
1188 1732 1600 1796 concessione
1629 1732 1919 1815 ipsarum
1953 1719 2288 1796 domorum
2336 1730 2515 1794 vobis
2562 1730 2821 1795 vestris-

259 1856 392 1917 que
450 1836 931 1901 successoribus
988 1837 1327 1901 manifeste
1385 1839 1761 1921 apparuerit
1814 1844 2244 1918 reservatum,
2312 1836 2423 1901 sed
2484 1853 2563 1901 ea
2608 1837 2824 1919 potius

258 1943 631 2007 reverentia
677 1949 741 2008 et
786 1942 1097 2025 obsequio
1145 1945 1285 2008 sitis
1334 1947 1640 2027 contenti,
1690 1945 1863 2029 quod
1910 1965 2025 2029 per
2073 1946 2384 2028 scriptum
2423 1943 2823 2031 autenticum

262 2035 662 2143 declaratur}
752 2050 996 2115 Datum
1045 2057 1163 2115 etc.

535 2370 907 2454 Magistro
957 2379 1029 2437 et
1075 2373 1452 2439 fratribus
1499 2373 1919 2457 hospitalis
1968 2354 2651 2437 Ierosolimitani,1

493 2530 710 2612 Quieti
765 2538 976 2597 vestre
1033 2532 1370 2616 providere
1426 2534 1714 2599 volentes
1754 2534 2148 2624 auctoritate
2197 2531 2377 2596 vobis
2424 2531 2823 2614 presentium

212 2648 219 2653 ’
259 2638 704 2720 indulgemus,
754 2647 853 2720 ut,
904 2640 957 2704 si
1005 2646 1230 2726 contra
1276 2663 1387 2704 vos
1438 2662 1632 2724 super
1677 2640 1834 2723 hijs,
1895 2660 2020 2722 que
2068 2638 2276 2704 ordini
2323 2645 2535 2703 vestro
2586 2661 2624 2701 a
2672 2637 2825 2701 sede

261 2745 628 2829 apostolica
693 2754 842 2810 sunt
905 2745 1192 2828 indulta,
1270 2754 1497 2813 contra
1560 2755 1851 2813 tenorem
1916 2746 2397 2830 privilegiorum
2463 2753 2826 2810 vestrorum

262 2853 661 2936 apostolicas
706 2837 956 2919 litteras
1003 2855 1348 2937 impetrari
1383 2856 1760 2938 contigerit,
1829 2875 1954 2937 que
2011 2853 2089 2918 de
2146 2853 2369 2918 ordine
2426 2858 2637 2917 vestro
2699 2873 2827 2914 non

261 2960 512 3024 faciant
557 2960 984 3042 mentionem,
1033 2982 1149 3044 per
1196 2983 1306 3027 eas
1354 2984 1482 3027 non
1529 2962 1879 3027 teneamini
1927 2959 2335 3043 respondere.
2431 2959 2608 3023 Nulli
2672 2979 2824 3040 ergo

259 3074 490 3133 nostre
538 3069 971 3133 concessionis
1021 3074 1138 3132 etc.

538 3379 994 3454 Hermanno
1043 3392 1411 3472 magistro
1480 3397 1553 3454 et
1629 3388 2010 3454 fratribus
2073 3388 2490 3471 hospitalis
2555 3392 2825 3451 sancte

625 3496 866 3561 Marie
912 3496 1555 3563 Theotonicorum
1665 3494 2341 3561 Ierosolimitani.²

447 3656 685 3721 Vestra
748 3657 972 3741 religio
997 3708 1012 3738 ,
1091 3659 1272 3723 cuius
1351 3657 1556 3723 bonus
1623 3656 1782 3722 odor
1846 3657 2034 3738 longe
2098 3655 2359 3738 lateque
2423 3653 2822 3734 diffunditur,

267 3763 617 3848 specialem
650 3763 1034 3853 ¹apostolice
1096 3764 1266 3830 sedis
1332 3766 1617 3830 favorem
1676 3771 1740 3829 et
1796 3764 2075 3848 gratiam
2134 3768 2554 3846 promeretur.
2663 3752 2823 3825 Cum

266 3872 466 3955 igitur
497 3871 787 3936 ordinem
819 3871 1093 3937 fratrum
1124 3871 1463 3954 hospitalis
1496 3870 1997 3937 Ierosolimitani
2036 3871 2208 3935 circa
2253 3889 2571 3953 pauperes
2619 3873 2685 3931 et
2729 3868 2822 3930 in-

266 3978 510 4059 firmOS,
557 3979 831 4043 fratrum
877 4000 1026 4044 vero
1074 3980 1303 4044 militie
1351 3979 1574 4062 templi
1622 3981 1796 4044 circa
1843 3977 2108 4043 clericos
2156 3983 2221 4042 et
2264 3976 2501 4042 milites
2545 3996 2621 4038 ac
2663 3973 2823 4041 alios

268 4085 504 4152 fratres
552 4087 619 4150 in
667 4085 854 4152 domo
901 4094 1118 4161 vestra
1150 4086 1414 4171 provide
1445 4088 1815 4151 institutum
1846 4084 2262 4150 laudabiliter
2293 4082 2670 4161 observetiS,
2705 4103 2822 4145 nos

268 4192 556 4258 volentes
580 4243 595 4274 ,
662 4199 736 4258 ut
781 4194 920 4258 sitis
968 4215 1159 4276 pares
1207 4196 1271 4258 in
1330 4194 1737 4259 assecutione
1793 4191 2130 4276 apostolici
2185 4188 2521 4271 beneficij,
2589 4187 2822 4269 quibus

268 4301 333 4364 in
382 4302 758 4384 operatione
804 4302 1113 4366 virtutum
1160 4301 1266 4384 pio
1317 4300 1588 4365 studetis
1631 4301 1962 4384 proposito
1998 4297 2328 4380 adequari,
2380 4316 2599 4360 omnes
2630 4293 2822 4359 liber-

449 4555 465 4584 ¹
523 4550 631 4606 Die
685 4539 1034 4607 I'Jberschrift
1087 4552 1191 4606 auf
1240 4553 1365 4606 dem
1422 4550 1929 4607 unbeschriebenen
1975 4549 2132 4603 Ende
2186 4548 2286 4602 der
2336 4544 2824 4615 vorhergehenden

271 4628 430 4699 Zeile.
581 4642 603 4674 ²
637 4640 756 4697 Das
794 4642 956 4698 letzte
983 4641 1148 4697 Wort
1183 4641 1330 4697 steht
1365 4659 1457 4697 am
1493 4641 1651 4696 Ende
1690 4640 1788 4695 der
1823 4637 2310 4709 vorhergehenden
2338 4635 2501 4691 Zeile.
