3242 5184
1256 287 1746 354 -203—

218 465 500 550 probam
521 464 977 551 'assumpsisse
1022 466 1267 532 inventi
1312 465 1573 548 fuerint,
1620 486 1740 549 per
1767 463 2053 549 prefatos
2084 464 2686 529 vicecancellarium
2717 465 2784 528 in

220 573 441 638 causis
488 572 851 655 consistorij
904 578 971 637 et
1012 595 1130 656 per
1176 573 1504 639 auditores
1541 574 1609 637 in
1643 572 1876 654 causis,
1926 592 2087 655 quas
2121 571 2404 653 audient,
2454 570 2537 636 ad
2570 591 2782 637 emen-

217 679 554 744 dationem
604 678 1036 762 dampnorum
1083 686 1149 745 et
1195 680 1702 746 satisfactionem
1750 699 2198 762 expensarum,
2248 698 2373 762 que
2406 685 2471 744 et
2502 700 2665 763 quas
2705 699 2785 743 ex

214 787 350 851 hoc
410 791 629 869 partes
695 786 1118 869 incurrerint,
1186 789 1360 853 omni
1424 787 1859 870 appellatione
1914 792 2207 850 cessante
2262 807 2535 851 censura
2589 785 2784 849 simili

215 894 690 977 astringantur.

402 1000 492 1064 Et
537 1001 593 1064 si
641 998 882 1064 eisdem
929 1000 1458 1065 vicecancellario
1504 1000 1606 1064 vel
1638 998 2045 1065 auditoribus
2077 999 2350 1065 forsitan
2379 998 2676 1064 videatur
2706 1020 2785 1064 ex

214 1107 543 1190 qualitate
599 1105 703 1170 vel
756 1105 1121 1188 frequentia
1195 1107 1515 1173 dictorum
1574 1128 1955 1172 excessuum
2011 1106 2114 1171 vel
2161 1104 2527 1171 defectuum
2575 1105 2782 1171 dictos

216 1219 245 1298 Η
287 1214 638 1279 advocatos
678 1233 793 1277 seu
824 1220 1277 1295 procuratores
1325 1214 1462 1280 fore
1507 1215 1765 1298 gravius
1811 1212 2193 1298 puniendOS,
2225 1214 2478 1296 possint
2509 1212 2592 1277 ad
2624 1216 2782 1277 tem-‘-

209 1342 346 1404 pus
391 1320 493 1385 vel
539 1321 1017 1404 imperpetuum
1064 1321 1156 1385 eis
1201 1321 1587 1386 interdicere
1633 1319 1839 1385 offitia
1883 1319 2225 1403 prelibata.
2246 1320 2268 1358 1
2359 1318 2429 1385 Si
2472 1340 2623 1384 vero
2671 1318 2783 1383 ad-

208 1428 435 1493 vocati
452 1426 728 1511 predicti
758 1428 827 1492 in
858 1429 1238 1494 consistorio
1272 1429 1799 1494 constitutionem
1829 1431 2198 1510 presentem
2227 1426 2338 1491 in²
2367 1423 2783 1510 proponendo

207 1557 350 1600 non
389 1535 806 1616 servaverint,
853 1555 971 1617 per
1002 1533 1245 1599 dictum
1291 1533 1891 1600 vicecancellarium
1936 1533 2021 1597 ad
2068 1539 2315 1598 certum
2362 1539 2614 1617 tempus
2661 1530 2782 1613 vel,

209 1642 272 1706 si
323 1642 519 1706 nimis
565 1641 1145 1724 frequentaverint,
1193 1642 1690 1724 imperpetuum,
1739 1646 1933 1723 prout
1979 1641 2037 1705 ei
2083 1639 2443 1721 videbitur,
2510 1661 2550 1703 a
2615 1638 2785 1703 dicto

211 1747 431 1814 offitio
467 1747 999 1831 suspendantur.3
1063 1747 1363 1831 Denique
1394 1748 1548 1830 quia
1582 1747 2017 1831 periculosum
2047 1753 2271 1830 posset
2299 1768 2441 1813 esse
2470 1747 2786 1829 partibuS,

211 1857 275 1920 si
323 1856 592 1939 patroni
639 1875 1020 1937 causarum,
1080 1876 1242 1937 quos
1292 1861 1407 1919 aut
1449 1855 1751 1919 meritum
1798 1855 2136 1937 peritiores
2183 1853 2410 1919 fecerit
2453 1858 2569 1917 aut
2611 1858 2788 1916 vetu-

212 1968 358 2027 stas
385 2012 401 2044 ,
459 1963 528 2025 in
583 1983 715 2026 una
769 1967 955 2044 parte
1015 1963 1376 2026 consistant
1438 1963 1660 2045 sicque
1714 1967 1967 2044 partem
2024 1961 2219 2025 aliam
2273 1981 2538 2025 necesse
2599 1960 2687 2023 sit
2748 1981 2789 2023 a

207 2067 496 2133 rudibus
563 2073 759 2150 atque
824 2067 1161 2152 tyronibus
1227 2070 1566 2151 sustineri,
1646 2069 2021 2149 statuimuS,
2098 2073 2196 2149 ut,
2264 2068 2319 2131 si
2381 2073 2600 2149 partes
2663 2064 2787 2131 hoc

208 2175 563 2260 petierint,
626 2197 748 2258 par
798 2176 1269 2240 causidicorum
1321 2174 1721 2256 distributiO,
1784 2180 1978 2257 prout
2036 2173 2265 2239 melius
2326 2172 2467 2238 fieri
2527 2173 2785 2256 poterit,

207 2281 338 2348 fiat
395 2288 462 2346 et
507 2288 863 2366 exequetur
908 2282 1203 2366 partibus
1252 2282 1562 2347 auxilium
1610 2281 2029 2365 singulorum,
2079 2302 2156 2345 ac
2201 2279 2571 2346 huiusmodi
2617 2300 2786 2362 equa

216 2390 460 2454 divisio
507 2390 576 2453 in
624 2390 856 2472 causiS,
906 2410 1032 2472 que
1079 2395 1442 2454 tractantur
1471 2390 1539 2453 in
1577 2388 1980 2470 consistorio,
2019 2408 2135 2470 per
2164 2386 2783 2468 vicecancellarium,

208 2498 284 2561 in
356 2497 505 2580 alijs
564 2517 714 2560 vero
769 2516 887 2578 per
940 2496 1301 2561 auditorem
1355 2497 1645 2579 ipsarum
1702 2516 2045 2560 causarum
2090 2494 2207 2559 fiat
2252 2515 2328 2560 ac
2374 2491 2625 2558 duobus
2673 2492 2785 2557 ad-

210 2603 472 2669 vocatis
523 2602 868 2667 dumtaxat
912 2624 1064 2685 pars
1112 2601 1402 2686 quelibet
1446 2603 1532 2666 sit
1577 2608 1881 2666 contenta
1925 2622 2045 2666 nec
2089 2600 2308 2684 plures
2353 2600 2570 2665 valeat
2622 2600 2785 2664 obti-

210 2730 399 2775 nere.
493 2707 673 2773 Nulli
721 2730 875 2792 ergo
924 2710 1183 2774 omnino
1228 2710 1560 2774 hominum
1605 2709 1802 2774 liceat
1842 2709 2011 2772 hanc
2065 2708 2368 2791 paginam
2421 2713 2787 2773 nostrorum

213 2822 644 2897 statutorum,
681 2814 1109 2897 inhibitionis,
1148 2817 1613 2899 permissioniS,
1652 2816 2105 2898 concessioniS,
2138 2816 2543 2881 voluntatum
2580 2816 2785 2879 inten-

212 2924 454 3005 tionis,
502 2922 924 2987 iniunctionis
992 2927 1056 2986 et
1120 2922 1499 2989 adiectionis
1545 2923 1894 3006 infringere
1947 2923 2048 2987 vel
2104 2924 2162 2988 ei
2217 2944 2380 2988 ausu
2442 2924 2786 2989 temerario

213 3031 573 3099 contraire.
654 3028 724 3094 Si
757 3030 902 3112 quis
936 3035 1156 3094 autem
1185 3030 1307 3094 hoc
1339 3035 1730 3113 attemptare
1760 3030 2246 3114 presumpserit,
2278 3029 2786 3112 indignationem

214 3137 688 3220 omnipotentis
748 3136 852 3200 dei
908 3142 975 3201 et
1026 3137 1368 3201 beatorum
1412 3136 1595 3201 Petri
1643 3143 1709 3201 et
1751 3137 1945 3201 Pauli
2007 3135 2449 3219 apostolorum
2513 3137 2649 3202 eius
2714 3159 2783 3202 se

213 3243 478 3310 noverit
539 3243 968 3307 incursurum.
1081 3242 1329 3307 Datum
1392 3243 1711 3308 Avinione
1758 3242 1871 3308 VI.
1930 3242 2078 3308 Kal.
2127 3242 2506 3308 Novembris
2572 3245 2781 3327 ponti-

215 3350 458 3416 ficatus
505 3350 714 3414 nostri
759 3371 933 3415 anno
981 3355 1183 3414 sexto.

458 3598 711 3701 ‚Finis
767 3599 994 3663 unius
1051 3598 1234 3664 libri
1291 3598 1764 3663 cancellarie
1812 3598 2101 3663 domini
2147 3599 2400 3664 nostri
2446 3622 2643 3683 pape
2693 3601 2780 3666 de

584 3703 947 3769 mandato
1013 3704 1646 3770 reverendissimi
1704 3705 1954 3787 patris
2021 3711 2095 3769 et
2147 3705 2434 3771 domini
2492 3707 2781 3772 domini

587 3810 1054 3894 Ramnulphi
1081 3811 1297 3875 tituli
1331 3816 1593 3875 sancte
1612 3811 2074 3876 Potentiane
2107 3811 2540 3895 dignissimi
2572 3835 2780 3896 pres-

581 3916 818 3983 biteri
852 3918 1312 4000 cardinalis,
1347 3918 1688 4001 regentis
1722 3917 2071 3983 officium
2104 3919 2579 3985 cancellarie
2611 3943 2782 4005 pre-

585 4024 742 4090 fate
807 4025 883 4088 in
948 4023 1308 4090 absentia
1370 4025 2000 4090 reverendissimi
2057 4027 2304 4108 patris
2363 4033 2437 4091 et
2496 4027 2781 4093 domini

587 4131 871 4196 domini
934 4131 1155 4196 Petri
1230 4132 1449 4195 tituli
1527 4136 1793 4196 sancte
1859 4132 2278 4197 Anastasie
2354 4133 2781 4215 presbiteri

587 4237 1014 4304 cardinalis
1061 4237 1686 4321 vicecancellarij
1740 4245 2003 4303 sancte
2040 4238 2374 4303 Romane
2423 4240 2777 4323 ecclesie,

412 4469 431 4499 ¹
466 4469 577 4523 Am
613 4469 808 4525 Rande
842 4469 991 4523 links
1028 4487 1138 4525 von
1175 4469 1464 4525 derselben
1498 4469 1801 4542 flfichtigen
1836 4471 2005 4526 Hand
2042 4473 2146 4526 wie
2184 4470 2352 4525 oben:
2401 4472 2470 4526 de
2506 4489 2652 4544 pena
2687 4474 2781 4527 ad-

234 4563 550 4614 vocatorum
594 4575 707 4612 non
752 4560 1087 4613 servantium
1139 4557 1283 4613 hanc
1328 4560 1791 4614 constitutionem.
2009 4560 2031 4591 ²
2065 4559 2223 4615 Nach
2264 4562 2325 4613 in
2369 4561 2443 4614 ist
2486 4560 2649 4617 domo
2694 4567 2781 4621 rot

232 4646 726 4720 durchgestrichen.
944 4645 965 4679 ³
1000 4647 1219 4721 Desgl.:
1268 4648 1419 4723 quod
1464 4649 1720 4708 advocati
1757 4650 2079 4708 dividantur
2115 4652 2259 4706 inter
2293 4655 2494 4723 partes,

2839 1230 2959 1284 Fol.
2982 1234 3084 1284 106
3096 1228 3136 1282 ¹⁰.
