3242 5184
1293 259 1738 321 *55-

244 438 359 498 aut
423 454 649 526 eorum
713 431 1020 497 officiales
1083 432 1151 494 in
1205 452 1515 523 personas
1572 436 1822 497 vestras
1877 431 1976 497 vel
2031 433 2336 497 ecclesias
2403 432 2797 496 sentenciam

243 540 532 623 aliquam
588 544 814 604 contra
866 538 1236 604 libertatem
1290 538 1534 603 eisdem
1589 561 1632 603 a
1684 537 2251 623 predecessoribus
2305 539 2546 604 nostris
2599 538 2699 603 vel
2758 560 2798 602 a

238 646 430 711 nobis
475 646 797 711 indultam
841 645 1412 729 promulgaverint,
1461 646 1736 710 eandem
1774 647 2163 711 sententiam
2197 652 2534 729 tamquam
2572 652 2798 711 contra

238 753 601 837 apostolice
656 752 828 817 sedis
884 751 1138 818 indulta
1189 753 1513 837 prolatam
1569 753 1914 817 statuimus
1976 752 2378 841 irritandam.
2489 752 2796 818 Decerni-

235 881 382 924 mus
433 881 587 943 ergo
636 864 754 925 etc.
841 858 1035 925 Salva
1081 859 1250 924 sedis
1284 860 1639 944 apostolice
1675 859 2080 926 auctoritate.
2158 858 2226 924 Si
2263 860 2409 942 quis
2440 860 2643 942 igitur
2672 865 2793 925 etc.

236 967 493 1032 Datum
539 971 662 1033 etc.

509 1251 1020 1334 Privilegium
1068 1250 1576 1317 Cartusiense
1623 1256 2043 1335 sequenter
2089 1252 2504 1334 sequitur1.
2835 1255 2955 1311 Fol.
2994 1261 3114 1309 30⁸.

411 1410 818 1494 Religiosam
861 1411 1061 1475 vitam
1108 1411 1496 1494 eligentibus
1544 1410 1969 1495 apostolicum
2024 1411 2323 1476 convenit
2376 1411 2608 1476 adesse
2653 1432 2796 1496 pre-

233 1519 499 1601 sidium,
538 1539 620 1582 ne
666 1518 831 1584 forte
879 1518 1224 1583 cuiuslibet
1268 1519 1658 1583 temeritatis
1705 1519 2000 1583 incursus
2061 1522 2177 1583 aut
2223 1539 2332 1583 eos
2380 1540 2420 1583 a
2464 1518 2796 1601 proposito

230 1633 501 1692 revocet
537 1631 653 1691 aut
686 1625 905 1707 robur,
956 1624 1128 1707 quod
1160 1624 1351 1706 absit,
1402 1647 1584 1691 sacre
1626 1625 1958 1709 religionis
2003 1625 2333 1707 infringat.
2407 1622 2795 1710 Eapropter,

234 1734 463 1799 dilecti
520 1733 588 1797 in
645 1731 901 1798 domino
955 1732 1102 1816 filij,
1168 1733 1400 1796 vestris
1455 1733 1645 1797 iustis
1690 1731 2243 1815 postulacionibus
2291 1728 2639 1797 clementer
2685 1754 2796 1796 an-

232 1842 500 1906 nuimus
557 1844 624 1904 et
678 1840 939 1906 domum
998 1846 1281 1903 vestram
1336 1861 1481 1903 cum
1529 1839 1826 1904 omnibus
1872 1838 2080 1920 boniS,
2127 1839 2386 1922 pascuis
2434 1846 2500 1905 et
2542 1861 2796 1923 posses-

237 1948 555 2029 sionibuS,
624 1969 786 2031 quas
843 1947 1410 2030 impresentiarum
1473 1944 1959 2011 racionabiliter
2011 1946 2357 2029 possidetis
2415 1952 2530 2011 aut
2583 1947 2651 2010 in
2697 1945 2793 2010 fu-

232 2061 460 2119 turum
521 2055 711 2119 iustis
770 2051 978 2118 modis
1040 2057 1372 2135 prestante
1428 2051 1687 2118 domino
1744 2053 2043 2135 poteritis
2098 2052 2391 2135 adipisci,
2441 2053 2560 2117 sub
2619 2052 2796 2117 beati

235 2161 420 2226 Petri
469 2167 535 2226 et
579 2166 805 2227 nostra
849 2159 1251 2243 protectione
1299 2159 1684 2241 suscipimus
1732 2164 1798 2222 et
1827 2160 2145 2241 presentis
2194 2160 2419 2243 scripti
2460 2158 2796 2243 privilegio

236 2268 709 2334 communimus
728 2268 753 2306 2
800 2272 866 2331 et
908 2266 1221 2331 terminos
1268 2264 1485 2331 domui
1530 2270 1745 2329 vestre
1804 2265 1887 2329 ab
1935 2266 2158 2331 ordine
2206 2265 2605 2332 Oartusiensi
2651 2289 2797 2349 pro-

234 2376 386 2440 vida
434 2374 900 2439 deliberatione
948 2376 1229 2437 statutos
1287 2371 1646 2455 apostolica
1692 2372 2080 2437 auctoritate
2126 2371 2598 2439 confirmamus.
2692 2372 2797 2437 Ad

234 2482 356 2548 hec
412 2481 804 2546 auctoritate
861 2479 1218 2562 apostolica
1271 2478 1717 2543 interdicimus
1774 2484 1839 2542 et
1898 2479 2016 2543 sub
2063 2480 2597 2546 interminacione
2644 2501 2796 2544 ana-

235 2588 546 2653 thematis
591 2585 1028 2671 prohibemus,
1076 2607 1157 2649 ne
1205 2585 1349 2667 quis
1387 2580 1557 2648 infra
1592 2585 1904 2650 terminos
1950 2586 2125 2669 ipsos
2172 2586 2495 2652 hominem
2543 2607 2795 2669 capere,

236 2696 483 2760 furtum
531 2716 646 2759 seu
675 2694 972 2776 rapinam
1005 2693 1408 2758 committere
1457 2697 1570 2755 aut
1609 2692 1825 2773 ignem
1863 2713 2187 2776 apponere
2233 2694 2333 2758 vel
2377 2691 2796 2760 homicidium

237 2802 455 2868 facere
503 2799 743 2865 audeat
798 2806 912 2864 aut
955 2799 1247 2870 homines
1296 2797 1380 2862 ad
1427 2796 1688 2863 domum
1735 2804 2017 2863 vestram
2065 2802 2393 2865 venientes
2438 2801 2540 2865 vel
2587 2800 2670 2865 ab
2720 2821 2797 2864 ea

235 2909 583 2975 redeuntes
630 2907 1114 2990 quomodolibet
1158 2904 1561 2989 perturbare,
1622 2910 1696 2968 ut
1750 2903 1873 2970 ob3
1926 2908 2355 2971 reverentiam
2413 2907 2516 2971 dei
2563 2912 2628 2972 et
2671 2907 2796 2973 loci

235 3016 439 3081 vestri
485 3014 656 3079 infra
700 3014 1025 3098 predictos
1073 3013 1383 3078 terminos
1429 3033 1556 3077 non
1605 3012 1812 3077 solum
1866 3035 1978 3078 vos
2026 3019 2092 3077 et
2136 3013 2370 3078 fratres
2415 3015 2634 3096 vestri,
2684 3012 2798 3077 sed

243 3125 445 3188 etiam
478 3121 586 3206 alij
623 3121 881 3205 plenam
910 3141 1140 3204 pacem
1184 3118 1472 3184 habeant
1518 3124 1584 3183 et
1631 3120 1933 3202 quietem.
2028 3119 2259 3185 Liceat
2313 3142 2570 3204 quoque
2615 3120 2798 3186 vobis

243 3230 514 3295 clericos
561 3228 664 3293 vel
708 3227 953 3311 laycos,
1000 3225 1242 3292 liberos
1290 3229 1357 3290 et
1403 3225 1756 3308 absolutoS,
1806 3247 1841 3291 e
1890 3225 2106 3292 seculo
2152 3225 2471 3309 fugientes
2519 3226 2601 3292 ad
2650 3249 2799 3292 con-

239 3337 601 3401 versionem
658 3339 941 3399 vestram
997 3334 1287 3417 recipere
1346 3338 1411 3397 et
1464 3353 1574 3398 eos
1631 3332 1878 3415 absque
1933 3332 2129 3397 ullius
2176 3334 2686 3399 contradictione
2732 3333 2798 3398 in

241 3448 457 3508 vestro
529 3441 799 3524 collegio
874 3441 1173 3505 retinere.
1296 3438 1723 3505 Prohibemus
1788 3439 2088 3522 insuper,
2165 3445 2239 3504 ut
2299 3441 2462 3505 nulli
2525 3439 2800 3505 fratrum

241 3555 605 3614 vestrorum
651 3553 801 3631 post
846 3546 1086 3612 factam
1133 3546 1200 3609 in
1247 3544 1473 3610 eodem
1507 3545 1651 3611 loco
1682 3544 2150 3628 professionem
2197 3546 2447 3630 absque
2492 3544 2801 3611 licencia4

244 3654 478 3739 prioris
535 3655 635 3719 sui
689 3654 788 3719 fas
854 3655 940 3718 sit
995 3652 1075 3718 de
1142 3653 1425 3717 claustro
1489 3657 1706 3717 vestro
1764 3651 2114 3734 discedere,
2164 3651 2602 3718 discedentem
2648 3675 2798 3719 vero

246 3762 492 3844 absque
525 3761 959 3826 communium
988 3760 1354 3824 litterarum
1388 3760 1694 3823 caucione
1725 3757 1941 3823 nullus
1979 3758 2219 3824 audeat
2248 3760 2549 3825 retinere.
2628 3757 2799 3826 Sane

246 3867 544 3932 laborum
589 3875 953 3933 vestrorum
1001 3865 1080 3932 de
1111 3866 1626 3950 possessionibus
1657 3864 1899 3931 habitis
1947 3870 2098 3929 ante
2131 3866 2469 3931 consilium
2500 3867 2799 3949 generale

248 3995 322 4039 ac
369 3974 565 4039 etiam
611 3974 957 4056 novalium,
1019 3994 1145 4057 que
1189 3973 1471 4057 proprijs
1517 3972 1820 4036 manibus
1868 3976 1983 4036 aut
2029 3972 2392 4056 sumptibus
2440 3973 2672 4055 colitiS,
2720 3972 2798 4037 de

427 4171 446 4201 ¹
483 4169 643 4224 Dazu
681 4187 771 4224 am
809 4169 1005 4224 Raude
1041 4171 1100 4222 in
1136 4173 1283 4223 roter
1319 4167 1538 4223 Schrift:
1581 4170 1649 4223 Si
1687 4168 1958 4222 dicatur
1995 4173 2150 4223 ante
2187 4169 2564 4224 consilium
2598 4186 2798 4239 gene-

250 4258 418 4326 rale,
455 4260 769 4329 ponitur:
808 4256 979 4312 Sane
1016 4257 1338 4313 laborum.
1387 4256 1455 4311 Si
1490 4275 1651 4312 vero
1689 4257 1963 4311 dicatur
1997 4262 2152 4327 post
2187 4257 2574 4325 consilium,
2611 4254 2810 4327 poni}

251 4350 380 4401 tur:
419 4345 589 4401 Sane
626 4346 977 4402 novalium
1016 4352 1084 4401 et
1119 4351 1379 4401 cetera.
1439 4345 1549 4400 Die
1573 4345 2018 4417 Bullenanfange
2042 4345 2187 4401 Sane
2224 4346 2477 4401 laborum
2514 4347 2629 4400 und
2654 4345 2800 4401 Sane

251 4435 530 4491 novalium
567 4440 625 4490 et
659 4440 841 4491 cetera
877 4437 936 4489 in
971 4435 1289 4504 schwarzer,
1327 4435 1618 4490 braunlich
1645 4435 2002 4505 gewo'rdener
2025 4435 2248 4490 Schrift.
2394 4435 2417 4469 ²
2452 4436 2574 4491 Nur
2598 4435 2798 4506 abgek.

252 4540 312 4577 co
347 4526 450 4577 mit
485 4522 664 4578 Strioh
698 4522 840 4579 fiber
876 4524 1003 4579 dem
1040 4541 1088 4579 o.
1258 4524 1280 4555 ³
1315 4523 1459 4579 korr.
1499 4541 1598 4578 aus
1637 4524 1710 4578 ab
1747 4526 1849 4577 mit
1884 4529 2031 4579 roter
2066 4523 2286 4579 schrift.
2466 4523 2490 4556 4
2526 4524 2600 4578 Es
2636 4525 2797 4578 stand

252 4611 532 4669 licenciam
568 4613 655 4670 da.
729 4631 784 4670 m
822 4631 933 4672 von
968 4613 1256 4691 derselben
1294 4614 1459 4670 Tinte
1495 4613 1900 4671 unterstrichen
1939 4614 2055 4671 und
2091 4619 2177 4672 rot
2215 4611 2715 4688 durchgestrichen.
