3242 5184
1422 303 1672 363 13—--

173 478 545 560 cancellarij
599 498 711 541 seu
744 477 1236 560 derogacionem
1291 477 1554 542 honoris
1611 472 1715 541 v'el
1762 481 1972 541 status
2021 477 2403 542 cancellarie
2452 476 2730 553 cederet,

174 584 344 648 illud
387 606 506 667 pro
551 605 740 667 posse
787 582 1153 668 impediam.
1235 580 1422 664 Quod
1456 585 1511 648 si
1539 583 1857 667 impedire
1887 605 2018 647 non
2063 604 2339 666 possem,
2390 583 2561 649 bona
2605 582 2732 648 fide

171 690 540 774 procurabo
579 692 663 755 ad
695 691 938 757 domini
969 712 1136 775 pape
1168 691 1272 756 vel
1299 690 1504 776 ipsius
1541 690 2051 775 vicecancellarij
2090 712 2204 755 seu
2233 690 2733 756 locumtenentis

173 798 468 864 eiusdem
523 797 764 864 domini
817 798 1326 882 vicecancellarii
1386 798 1696 863 noticiam
1749 797 1817 863 id
1872 797 2162 881 perferri.
2257 797 2365 863 Sic
2419 819 2523 863 me
2570 797 2733 863 deus

174 903 441 971 adiuvet
485 908 551 971 et
593 905 714 971 hec
760 911 989 972 sancta
1034 905 1139 971 dei
1186 904 1541 989 evangelia.
1635 905 1710 969 Τ.

444 1136 968 1205 Iuramentum
1025 1137 1638 1204 examinancium
1692 1137 1768 1202 in
1821 1137 2162 1204 Romana
2215 1137 2431 1202 curia
2495 1136 2734 1219 depu-

527 1250 871 1311 tatorum
918 1247 1073 1311 etc.1

353 1386 674 1453 Iurabunt
727 1390 1202 1455 examinatores
1225 1440 1241 1472 ,
1306 1387 1479 1473 quod
1542 1388 1708 1471 bene
1764 1394 1829 1453 et
1895 1387 2174 1454 fideliter
2241 1408 2308 1451 se
2373 1392 2600 1470 gerent
2662 1387 2730 1450 in

170 1492 392 1560 officio
441 1496 533 1560 eis
581 1496 942 1562 commisso.
1021 1495 1192 1562 Item
1224 1495 1396 1581 quod
1433 1517 1554 1561 nec
1586 1517 1806 1561 amore
1850 1516 1970 1559 nec
2017 1496 2163 1561 odio
2208 1516 2329 1560 nec
2374 1514 2566 1579 prece
2612 1514 2732 1558 nec

165 1604 393 1685 precio
440 1603 507 1666 in
551 1604 820 1685 negocio
867 1624 984 1669 seu
1028 1601 1241 1669 officio
1287 1603 1579 1687 predicto
1635 1602 2003 1686 procedent.
2097 1601 2267 1667 Item
2314 1601 2487 1684 quod
2534 1599 2734 1664 nichil

168 1709 492 1793 recipient
536 1731 577 1774 a
622 1696 915 1793 personis
955 1710 1402 1776 examinandis
1434 1709 1536 1774 vel
1568 1711 1714 1793 alijs
1748 1730 1971 1775 eorum
1999 1710 2279 1773 nomine.
2357 1707 2526 1772 Item
2559 1706 2731 1789 quod

166 1814 418 1880 facient
450 1818 473 1905 n
507 1817 722 1882 iurare
755 1818 1043 1881 notarios
1078 1823 1145 1882 et
1173 1818 1494 1902 porterios
1527 1839 1604 1882 ac
1636 1816 1989 1881 familiares
2022 1838 2244 1881 eorum
2278 1815 2371 1880 eis
2404 1816 2472 1878 in
2519 1812 2730 1878 officio
2769 1814 2889 1869 Fol.
2930 1818 2959 1868 '⁷
2974 1816 3014 1869 ὓ-

170 1923 682 1989 examinacionis
714 1923 1083 1989 huiusmodi
1115 1926 1519 2006 assistentes»,
1556 1923 1729 2007 quod
1762 1946 1802 1988 a
1838 1923 2146 2006 predictis
2193 1923 2487 2006 personis
2534 1921 2734 1985 nichil

168 2030 495 2112 recipiant
541 2038 656 2095 aut
701 2030 785 2095 ab
833 2032 979 2114 alijs
1025 2033 1284 2096 nomine
1330 2032 1620 2114 ipsarum
1659 2052 1777 2095 nec
1823 2031 1890 2094 in
1922 2029 2407 2094 introducendis
2440 2029 2733 2111 personis

168 2135 485 2217 predictis
533 2136 657 2201 ad2
701 2159 971 2202 examen
1019 2138 1304 2220 aliquam
1350 2137 1666 2219 fraudem,
1716 2137 1934 2201 odium
1979 2136 2079 2201 vel
2127 2137 2411 2201 favorem
2445 2137 2734 2199 commit-

167 2247 316 2307 tant
366 2249 433 2307 et
479 2246 652 2325 quod
699 2266 923 2310 eorum
967 2237 1203 2328 notarij
1254 2243 1535 2310 fideliter
1579 2248 1944 2325 regestrent
1995 2243 2350 2325 peticiones
2402 2248 2468 2306 et
2509 2242 2732 2307 titulos

158 2351 695 2433 >examinatarum
740 2374 1165 2436 personarum
1211 2353 1521 2434 ipsarum.
1963 2352 1968 2356 ’

445 2583 692 2648 Tituli
741 2584 1358 2648 examinatarum
1404 2572 1914 2666 personarum
1962 2587 2084 2647 etc.

347 2726 508 2789 Tria
553 2725 738 2791 bene.
804 2724 1170 2791 Habeant3.

350 2831 500 2896 Duo
546 2832 711 2897 bene
759 2838 826 2897 et
869 2855 1071 2897 unum
1119 2838 1577 2916 competenter.
1659 2832 1986 2898 Habeant.

349 2937 574 3003 Unum
621 2939 786 3004 bene
835 2946 901 3004 et
946 2962 1146 3004 unum
1195 2945 1637 3024 competenter
1683 2946 1747 3004 et
1779 2961 1980 3003 unum
2013 2938 2332 3003 debiliter.
2399 2937 2727 3002 Habeant.

347 3045 502 3111 Duo
552 3045 718 3110 bene
765 3051 831 3110 et
876 3069 1078 3111 unum
1123 3048 1312 3111 male.
1397 3046 1725 3111 Habeant.

347 3152 499 3219 Duo
547 3159 989 3237 competenter
1036 3160 1102 3218 et
1147 3153 1388 3218 unum4
1431 3154 1600 3218 male
1649 3154 1716 3217 in
1763 3159 1904 3217 tota
1948 3153 2217 3237 Ispania

528 3266 595 3324 et
639 3258 984 3325 Vasconia.
1050 3259 1377 3326 Habeant.

437 3490 715 3557 Forma
759 3492 1187 3557 iuramenti
1232 3491 2039 3577 penitenciariorum.6

346 3634 510 3716 Ego,
562 3683 575 3697 .
616 3683 629 3698 .
681 3634 924 3698 ordinis
975 3683 988 3697 .
1026 3683 1039 3698 .
1088 3633 1434 3718 professor,
1485 3634 1729 3699 domini
1760 3636 1966 3699 nostri
2002 3656 2169 3718 pape
2202 3636 2725 3718 penitenciarius,

176 3738 254 3803 ab
318 3740 443 3804 hac
496 3740 658 3805 hora
711 3741 977 3805 inantea
1039 3739 1250 3805 fidelis
1317 3763 1425 3806 ero
1495 3740 1690 3805 beato
1745 3741 1944 3807 Petro
2019 3748 2371 3824 sancteque
2434 3742 2728 3806 Romane

177 3845 439 3911 ecclesie
502 3868 578 3911 ac
640 3846 897 3913 domino
967 3853 1188 3912 nostro
1254 3847 1512 3913 domino
1558 3848 1826 3914 Urbano
1882 3870 2050 3932 pape
2096 3848 2210 3914 VI.
2270 3849 2530 3931 suisque
2587 3871 2727 3913 suc-

349 4026 367 4057 ¹
405 4025 613 4080 Hierzu
659 4043 749 4080 am
785 4025 1004 4081 Raude:
1053 4025 1305 4091 Qualiter
1349 4028 1535 4081 iurant
1579 4030 1993 4083 examinatores.
2160 4028 2181 4060 ²
2216 4028 2379 4082 Korr.
2419 4045 2530 4083 von
2585 4028 2725 4082 ders,

179 4108 337 4166 Hand
363 4131 462 4168 aus
489 4133 569 4168 ex.
680 4113 702 4146 ⁸
725 4114 990 4169 Habeant
1012 4116 1071 4167 in
1087 4116 1248 4185 jeder
1271 4116 1421 4170 Zeile
1447 4117 1875 4188 nachgetragen.
1986 4116 2009 4148 4
2033 4105 2189 4172 Uber
2213 4121 2587 4186 competenter
2612 4116 2726 4169 und

179 4199 308 4253 iiber
328 4221 502 4257 unum
526 4203 746 4257 Kreuze
770 4206 873 4257 mit
895 4203 1199 4277 schwarzer
1222 4204 1405 4259 Tinte.
1442 4205 1718 4260 Daneben
1742 4206 2033 4260 innerhalb
2059 4207 2158 4260 der
2180 4205 2320 4262 noch
2345 4205 2435 4258 fiir
2460 4206 2568 4259 den
2586 4205 2728 4259 Text

180 4285 811 4348 bestimmtenKolumne
830 4295 887 4346 in
906 4292 1208 4348 schwarzer
1225 4293 1415 4348 Tinte:
1439 4294 1747 4349 dominus
1765 4294 2077 4350 Urbanus
2092 4326 2109 4366 Η
2128 4313 2258 4350 11011
2282 4294 2531 4363 voluit,
2552 4295 2725 4363 quod

181 4375 287 4430 isti
320 4379 568 4436 habere
580 4386 666 4434 nt.
728 4368 884 4436 slber
910 4381 1073 4451 jeder
1109 4382 1207 4435 der
1231 4382 1420 4437 Zeilen
1457 4384 1546 4436 ein
1583 4383 1771 4437 Kreuz
1806 4401 1918 4438 von
1954 4383 2259 4440 schwarzer
2284 4383 2467 4437 Tinte.
2529 4383 2727 4437 Dieser

181 4461 364 4522 Zusatz
400 4464 728 4525 vermutlieh
764 4489 874 4526 von
910 4470 1204 4526 derselben
1240 4471 1435 4540 Hand,
1484 4471 1573 4526 die
1611 4472 1720 4525 den
1757 4471 1900 4526 Text
1934 4472 2164 4527 sehrieb.
2321 4473 2342 4504 ⁵
2377 4472 2486 4526 Die
2523 4473 2726 4527 Forma

182 4550 459 4612 iuramenti
504 4560 1051 4629 penitenciariorum,
1104 4559 1312 4617 welche
1362 4561 1470 4615 den
1506 4559 1644 4613 Rest
1688 4578 1798 4614 von
1836 4561 1992 4614 Blatt
2032 4562 2098 4614 7¹²
2145 4562 2457 4629 einnimmt,
2507 4563 2578 4614 ist
2613 4578 2724 4615 von

185 4643 402 4699 andex-er
437 4646 605 4700 Hand
646 4650 744 4701 mit
781 4648 1056 4702 kleinerer
1092 4649 1297 4702 Schrift
1334 4649 1446 4701 und
1484 4651 1541 4701 in
1580 4667 1819 4717 engeren
1859 4649 2044 4704 Zeilen
2084 4650 2509 4720 nachgetragen.
