3242 5184
178 2251 294 2306 Fol.
334 2257 402 2305 80
412 2251 453 2305 Β.

1518 304 1606 311 *-
1702 265 1827 330 156
1932 237 2074 311 —'

757 492 1119 574 Sequitur
1182 492 1423 558 forma
1488 494 1929 574 iuramenti,
2007 494 2203 576 quod
2271 491 2616 556 dominus
2689 490 3044 556 Urbanus

845 620 1042 683 papa
1080 597 1193 662 VI.
1238 600 1578 666 ammodo
1621 602 1865 666 voluit
1895 602 1967 664 in
2001 599 2292 692 litteris
2327 598 2777 682 apostolicis
2816 618 3047 679 super

846 706 1574 771 consecrationibus
1608 707 2135 790 quorumlibet
2173 706 2591 770 electorum
2625 705 3045 769 conficien-

845 811 959 877 dis
1008 814 1319 897 apponi,
1370 814 1732 879 scismate
1771 814 2113 898 presenti
2163 813 2509 876 durante.

667 973 806 1055 Ego
861 972 1214 1054 Elizarius,
1283 973 1485 1039 abbas
1542 975 1913 1057 monasterij
1977 979 2199 1038 sancte
2258 972 2464 1037 Marie
2513 971 2592 1043 de
2641 971 2900 1039 Gualdo
2950 993 3046 1037 or-

492 1079 661 1145 dinis
710 1081 917 1145 sancti
962 1080 1301 1146 Benedicti
1332 1080 1788 1147 Beneventano
1835 1080 2149 1164 dyocesiS,
2197 1078 2504 1164 promitto
2551 1083 2618 1143 et
2660 1079 2824 1160 iuro,
2874 1078 3046 1160 quod

492 1185 575 1250 ab
633 1185 755 1250 hac
800 1185 963 1253 hora
1010 1187 1294 1269 inantea,
1348 1188 1659 1270 quamdiu
1703 1189 1948 1268 vixero,
2001 1186 2212 1252 fidelis
2265 1192 2332 1250 et
2364 1185 2670 1250 obediens
2713 1206 2822 1249 ero
2854 1183 3045 1249 beato

488 1293 687 1358 Petro
736 1299 1085 1377 sancteque
1133 1294 1486 1378 apostolice
1532 1293 1825 1358 Romane
1873 1293 2142 1357 ecclesie
2190 1298 2254 1357 et
2301 1292 2559 1357 domino
2598 1313 2740 1355 meo
2788 1291 3045 1355 domino

490 1398 757 1464 Urbano
805 1398 1023 1464 divina
1068 1400 1474 1484 providentia
1519 1421 1688 1485 pape
1729 1399 1872 1464 VIto
1918 1401 2180 1483 suisque
2227 1397 2708 1464 successoribus
2740 1397 3044 1462 canonice

495 1506 908 1572 intrantibus.
988 1507 1134 1572 Non
1165 1528 1274 1573 ero
1307 1507 1373 1571 in
1406 1507 1695 1588 consili0,
1732 1527 2050 1571 consensu
2080 1505 2181 1574 vel
2210 1505 2406 1587 fact0,
2438 1509 2513 1568 ut
2541 1509 2741 1569 vitam
2771 1503 3048 1586 perdant

492 1618 606 1678 aut
651 1612 1012 1679 membrum
1055 1615 1158 1681 vel
1204 1614 1546 1697 capiantur
1590 1613 1764 1678 mala
1813 1614 2130 1698 captione.
2224 1610 2580 1678 Consilium
2626 1631 2777 1675 vero
2797 1660 2813 1691 ,
2875 1609 3043 1693 quod

493 1720 686 1784 michi
743 1720 1051 1785 credituri
1107 1729 1258 1785 sunt
1310 1741 1428 1804 per
1474 1740 1543 1784 se
1591 1726 1706 1784 aut
1750 1740 1866 1803 per
1913 1720 2174 1783 nuntios
2223 1720 2356 1782 sive
2402 1739 2519 1801 per
2563 1718 2839 1799 litteras,
2889 1716 3045 1781 nulli

490 1826 918 1891 manifestabo
974 1827 1056 1891 ad
1113 1849 1335 1892 eorum
1391 1827 1744 1910 dampnum
1799 1847 1902 1890 me
1949 1826 2212 1890 sciente.
2304 1824 2633 1908 Papatum
2678 1824 3042 1889 Romanum

492 1940 556 1997 et
599 1933 847 2017 regalia
893 1934 1100 1998 sancti
1147 1933 1326 1999 Petri
1373 1933 1631 1998 adiutor
1678 1935 1769 1998 eis
1819 1954 1928 1998 ero
1975 1933 2057 1997 ad
2097 1932 2527 2012 retinendum,
2577 1929 3043 1995 defendendum

491 2046 555 2104 et
599 2039 1131 2124 recuperandum,
1180 2041 1357 2105 salvo
1404 2062 1547 2106 meo
1595 2040 1839 2121 ordine,
1889 2045 2114 2104 contra
2144 2059 2397 2103 omnem
2444 2038 2768 2102 hominem
2814 2058 2894 2101 ac
2940 2037 3044 2101 ho-

490 2168 713 2214 norem
779 2153 844 2212 et
908 2152 1150 2212 statum
1215 2148 1525 2230 ipsorum,
1593 2147 1661 2210 in
1726 2151 2042 2230 quantum
2097 2147 2163 2209 in
2220 2166 2323 2210 me
2370 2145 2585 2226 suerit,
2651 2142 3045 2209 conservabo

491 2255 780 2338 ipsisque
827 2253 1152 2319 adherebo
1200 2261 1266 2319 et
1310 2277 1452 2338 pro·
1476 2274 1667 2336 posse
1715 2252 1963 2318 favebo.
2057 2251 2337 2334 Legatos
2380 2256 2405 2335 Η
2448 2256 2514 2316 et
2567 2252 2830 2315 nuntios
2880 2250 3045 2315 sedis

491 2361 843 2446 apostolice
899 2360 1174 2443 benigne
1230 2363 1296 2424 in
1350 2362 1541 2425 terris
1597 2363 1725 2424 mei
1781 2359 2154 2441 monasterij
2216 2359 2594 2442 suscipiam,
2653 2358 2931 2440 dirigam
2986 2364 3046 2421 et

492 2467 833 2532 defendam
898 2489 1326 2550 securumque
1392 2467 1699 2532 ducatum
1763 2466 2070 2550 prestabo
2136 2465 2377 2530 eisdem
2444 2487 2519 2529 ac
2582 2466 2649 2528 in
2715 2464 2930 2529 eundo
2985 2471 3046 2527 et

492 2574 819 2639 redeundo
868 2596 977 2640 eos
1023 2572 1376 2639 honorifice
1421 2573 1718 2638 tractabo
1767 2578 1832 2636 et
1877 2574 1945 2636 in
1985 2573 2119 2636 suis
2149 2571 2685 2636 neccessitatibus
2726 2571 3042 2636 adiuvabo

491 2702 629 2762 nec,
676 2682 746 2745 in
791 2686 1107 2763 quantum
1152 2682 1219 2744 in
1265 2701 1368 2745 me
1413 2680 1629 2761 fuerit,
1667 2680 2039 2763 permittam
2086 2679 2178 2743 eis
2226 2678 2512 2761 aliquam
2558 2678 2863 2742 iniuriam
2910 2677 3044 2741 fieri

492 2787 592 2852 vel
637 2787 861 2852 inferri
908 2793 972 2852 et
1018 2786 1555 2870 quibuscumque,
1603 2788 1715 2868 qui
1762 2793 1987 2851 contra
2031 2786 2348 2868 premissa
2392 2783 2493 2847 vel
2525 2805 2749 2848 eorum
2781 2782 3043 2866 aliquod

494 2899 882 2960 conarentur
929 2894 1174 2977 aliquid
1222 2898 1634 2977 attemptare,
1692 2898 2011 2974 quantum
2066 2896 2312 2975 poter0,
2369 2912 2471 2954 me
2528 2912 2856 2974 opponam
2911 2910 3041 2955 eos-

492 3022 618 3083 que
681 3022 1044 3085 proposse
1107 3001 1483 3084 impediam,
1551 2999 1937 3065 offensiones
2002 3004 2067 3062 et
2129 2998 2414 3082 dampna
2475 2998 2751 3080 predicti
2808 2995 3041 3062 domini

492 3109 699 3173 nostri
743 3129 911 3192 pape
960 3112 1025 3172 et
1071 3107 1240 3173 dicte
1285 3107 1579 3173 Romane
1628 3106 1917 3188 ecclesie,
1966 3110 2283 3188 quantum
2328 3108 2573 3188 poter0,
2625 3104 2885 3168 evitabo
2931 3122 3039 3167 nec

494 3236 603 3279 ero
649 3215 717 3278 in
764 3214 1031 3279 consilio
1079 3214 1180 3278 vel
1225 3215 1293 3278 in
1338 3214 1512 3278 facto
1560 3235 1675 3279 seu
1721 3218 2025 3294 tractata,
2074 3213 2142 3275 in
2189 3209 2424 3293 quibus
2458 3215 2685 3274 contra
2723 3210 2936 3292 ipsum
2982 3214 3041 3271 et

493 3321 855 3386 Romanam
936 3321 1276 3387 ecclesiam
1360 3320 1720 3404 predictam
1802 3320 2025 3401 aliqua
2098 3318 2363 3382 sinistra
2433 3316 2536 3381 vel
2607 3314 3040 3400 preiuditialia

494 3428 961 3509 machinentur,
1011 3432 1077 3491 et
1122 3428 1179 3492 si
1213 3427 1373 3492 talia
1433 3448 1472 3491 a
1536 3425 1871 3509 quibusvis
1925 3425 2263 3516 procurari
2316 3444 2553 3489 novero
2608 3423 2710 3487 vel
2755 3421 3036 3500 tractari,

494 3533 842 3619 impediam
880 3534 1002 3598 hoc
1049 3555 1165 3617 pro
1203 3555 1395 3617 posse
1444 3539 1527 3614 et,
1577 3533 1959 3615 quamtitius
2006 3536 2255 3615 poter0,
2305 3528 2637 3596 commode
2670 3527 3036 3612 significabo

495 3641 704 3722 alteri,
752 3662 869 3725 per
915 3661 1106 3722 quem
1152 3643 1361 3724 possit
1407 3640 1490 3704 ad
1538 3661 1761 3705 eorum
1807 3639 2114 3704 noticiam
2168 3639 2523 3721 pervenire.
2626 3636 2915 3701 Vocatus
2967 3654 3037 3697 ex

495 3767 904 3830 quacumque
952 3768 1152 3811 causa
1197 3747 1281 3811 ad
1328 3746 1646 3831 synodum
1693 3767 1808 3810 seu
1855 3745 1938 3810 ad
1987 3766 2096 3810 eos
2145 3745 2471 3826 accedam,
2518 3744 2644 3807 nisi
2674 3741 3034 3827 prepeditus

494 3853 676 3918 fuero
723 3855 1035 3917 canonica
1079 3854 1522 3938 prepeditione
1579 3854 1802 3934 eisque
1858 3851 2294 3916 obedientiam
2351 3856 2417 3915 et
2465 3850 2894 3915 reverentiam
2938 3846 3033 3910 de-

495 3960 665 4025 bitas
732 3959 1047 4024 exhibebo
1113 3966 1177 4024 et
1239 3959 1566 4042 prestabo.
1680 3958 2143 4041 Apostolorum
2205 3957 2459 4039 limina,
2516 3956 2814 4021 Romana
2870 3953 3033 4019 curia

496 4068 812 4132 existente
858 4067 1022 4131 citra
1084 4071 1355 4148 montes,
1423 4065 1692 4148 singulis
1758 4067 1965 4148 annis,
2031 4065 2205 4130 ultra
2258 4086 2408 4129 vero
2462 4069 2714 4129 montes
2780 4058 3029 4143 singulis

496 4174 774 4257 biennijs
819 4173 1096 4237 visitabo
1144 4179 1259 4239 aut
1302 4194 1418 4257 per
1463 4192 1566 4236 me
1614 4177 1730 4236 aut
1765 4192 1882 4255 per
1911 4172 2218 4236 nuncium
2250 4192 2485 4252 meum,
2533 4170 2660 4234 nisi
2691 4166 3028 4253 apostolica

496 4278 795 4345 absolvar
849 4280 1140 4344 licencia.
1234 4279 1688 4344 Possessiones
1743 4299 1893 4343 vero
1949 4278 2033 4352 ad
2078 4299 2293 4342 meum
2339 4277 2806 4341 monasterium
2851 4271 3025 4358 perti-

495 4391 722 4451 nentes
768 4409 897 4451 non
943 4386 1217 4451 vendam
1261 4407 1382 4451 nec
1428 4385 1683 4451 donabo
1729 4406 1939 4468 neque
1995 4383 2419 4468 inpignorabo
2483 4404 2693 4465 neque
2750 4382 2830 4446 de
2881 4397 3024 4443 novo

494 4492 845 4576 infeudabo
902 4492 1005 4557 vel
1060 4492 1278 4574 aliquo
1333 4492 1523 4556 modo
1581 4491 1895 4584 alienabo¹
1943 4492 2307 4556 inconsulto
2362 4490 2656 4555 Romano
2720 4484 3019 4573 pontifice.

495 4598 662 4665 Item
708 4599 998 4665 Roberto
1048 4600 1199 4664 olim
1226 4587 1512 4665 'basilice
1544 4597 1683 4663 XII
1715 4599 2158 4683 apostolorum
2190 4598 2360 4666 dioto
2396 4596 2828 4681 Gebennensi,
2872 4607 3021 4656 nune
