3242 5184
1281 288 1705 348 *51-

208 457 479 540 cedere,
531 458 587 523 si
633 459 1024 525 amovendus
1071 458 1267 524 fuerit
1287 510 1303 543 ,
1353 467 1583 543 sponte
1631 461 1951 542 noluerit,
2002 459 2391 525 auctoritate
2437 461 2758 542 generalis

208 565 483 648 capituli
538 564 900 649 deponatur
964 572 1030 630 et
1093 565 1427 650 depositus
1492 569 1629 632 sine
1704 567 2019 633 dilacione
2085 566 2168 631 ad
2233 565 2521 649 domum,
2591 567 2762 632 unde

205 671 434 753 exivit,
483 693 599 737 seu
647 672 730 736 ad
777 673 974 737 aliam
1020 673 1308 737 eiusdem
1354 674 1618 756 ordinis,
1669 696 1865 757 quam
1912 673 2197 756 elegerit,
2248 672 2385 737 sine
2430 673 2565 737 ulla
2614 696 2760 739 con-

203 777 459 843 dicione
505 780 884 863 temporalis
932 780 1250 846 commodi
1295 787 1682 863 revertatur,
1728 782 1796 845 in
1843 780 2211 846 obedientia
2272 779 2531 844 abbatis
2594 781 2762 844 sicut

199 886 409 949 ceteri
455 885 690 951 fratres
734 887 939 969 ipsius
987 886 1213 952 domus
1260 886 1535 953 firmiter
1579 909 2061 972 permansurus,
2172 886 2252 951 Id
2297 887 2511 968 ipsum
2563 890 2758 952 etiam

198 991 331 1057 alio
364 998 678 1076 tempore,
714 994 768 1058 si
799 1014 1060 1058 necesse
1092 993 1290 1060 fuerit
1320 1001 1387 1059 et
1431 996 1789 1079 capitulum
1828 997 1965 1059 sine
1998 994 2307 1059 scandalo
2338 993 2441 1058 vel
2472 994 2759 1078 periculo

198 1101 540 1183 expectari
584 1102 966 1184 nequiverit,
1015 1122 1133 1184 per
1171 1101 1478 1167 abbatem
1508 1103 2183 1167 Premonstratensem
2230 1107 2297 1166 et
2340 1107 2596 1183 patrem
2643 1101 2757 1165 ab·

197 1206 425 1271 batem
457 1214 523 1272 et
555 1208 715 1274 alios
748 1190 1041 1291 abbateS,
1076 1230 1237 1291 quos
1270 1211 1613 1291 vocaverit,
1649 1209 1790 1274 fieri
1821 1209 2064 1274 licebit.
2146 1207 2392 1290 Quodsi
2424 1208 2758 1291 depositus

196 1312 264 1376 in
321 1335 395 1379 se
454 1313 605 1379 date
661 1316 986 1380 sentencie
1043 1317 1510 1382 contumaciter
1566 1318 1890 1382 contraire
1944 1315 2357 1399 temptaverit
2374 1364 2390 1397 ,
2439 1321 2575 1379 tam
2621 1315 2758 1398 ipse

198 1441 403 1501 quam
449 1421 839 1505 principales
887 1422 1062 1505 eius,
1113 1424 1224 1505 qui
1272 1423 1351 1488 de
1398 1424 1621 1489 ordine
1667 1430 1886 1489 vestro
1932 1422 2189 1504 fuerint,
2237 1424 2305 1485 in
2351 1422 2759 1487 contumacia

196 1547 317 1591 sua
353 1526 645 1593 fautores
694 1529 777 1593 ab
826 1529 1064 1594 abbate
1094 1529 1690 1596 Premonstratensi
1733 1537 1799 1596 et
1830 1532 2061 1594 ceteris
2096 1528 2448 1594 abbatibus
2482 1550 2757 1593 censura

193 1633 682 1717 ecclesiastica,
748 1635 951 1702 donec
1015 1636 1456 1719 satisfaciant,
1524 1644 1890 1703 arceantur.
2002 1636 2245 1701 Verum
2324 1657 2469 1700 cum
2535 1635 2756 1719 aliqua

194 1740 621 1806 ecclesiarum
681 1748 1045 1808 vestrarum
1110 1744 1348 1809 abbate
1395 1745 1657 1827 proprio
1705 1744 1902 1808 fuerit
1947 1744 2262 1808 destituta
2321 1743 2424 1806 vel
2471 1764 2618 1807 cum
2663 1743 2756 1807 ibi

194 1846 460 1912 abbatis
494 1849 761 1914 electio1
806 1851 1193 1932 regulariter
1237 1873 1366 1916 non
1413 1851 1610 1915 fuerit
1656 1851 2005 1932 celebrata,
2056 1850 2175 1914 sub
2207 1848 2224 1938 Η
2255 1850 2460 1932 patris
2495 1849 2754 1914 abbatis
2795 1862 2912 1917 Fol.
2954 1869 3019 1915 28
3032 1871 3071 1918 ⁸.

192 1958 524 2035 potestate
590 1978 667 2020 ac
723 1956 1143 2040 dispositione
1200 1959 1517 2023 consistat
1580 1965 1647 2022 et
1706 1979 1852 2022 cum
1918 1957 2205 2022 eiusdem
2272 1956 2573 2037 consilio,
2641 1957 2752 2039 qui

192 2059 531 2142 eligendus
580 2062 792 2147 fuerit,
842 2086 883 2129 a
928 2065 1252 2129 canonicis
1299 2066 1604 2147 eligatur,
1657 2065 1861 2130 electo
1917 2071 2134 2129 autem
2190 2062 2425 2127 fratres
2484 2063 2751 2127 ecclesie

193 2169 464 2233 statim²
509 2169 945 2235 obedientiam
991 2173 1411 2254 promittant,
1479 2173 1624 2255 qui,
1686 2194 1814 2237 non
1862 2172 2050 2254 quasi
2097 2169 2432 2234 absolutus
2480 2192 2520 2233 a
2573 2175 2752 2252 pote-

193 2278 364 2339 state
413 2278 622 2359 patris
672 2277 930 2343 abbatis
977 2279 1078 2342 vel
1125 2278 1370 2344 ordinis
1418 2280 1546 2361 sui,
1607 2278 2092 2361 archiepiscopo
2138 2277 2240 2341 v-el
2295 2277 2599 2359 episcopo
2621 2326 2637 2356 ,
2686 2277 2751 2338 in

192 2382 375 2446 cuius
425 2383 685 2466 dyocesi
732 2384 948 2468 fuerit,
996 2392 1424 2469 presentetur,
1473 2367 1940 2468 plenitudinem
1989 2385 2072 2449 ab
2121 2405 2196 2449 eo
2243 2381 2436 2466 officij
2486 2404 2751 2466 percep-

193 2491 378 2552 turus
402 2540 419 2571 ,
489 2491 582 2554 ita
636 2498 857 2556 tamen
905 2492 1077 2574 quod
1123 2499 1273 2576 post
1318 2492 1557 2557 factam
1604 2491 2088 2575 archiepiscopo
2134 2490 2236 2555 vel
2283 2491 2586 2573 episcopo
2635 2511 2750 2554 suo

192 2594 662 2674 professionem
709 2601 1045 2664 occasione
1092 2600 1206 2663 illa
1249 2622 1377 2665 non
1408 2599 1928 2682 transgrediatur
1958 2598 2459 2663 constituciones
2507 2596 2749 2661 ordinis

194 2701 291 2763 sui
337 2724 460 2768 nec
507 2704 574 2767 in
621 2705 841 2788 aliquo
889 2707 1026 2770 eius
1072 2708 1514 2789 prevaricator
1560 2707 1817 2770 existat.
1897 2705 1967 2771 Si
2007 2706 2152 2788 quis
2201 2707 2398 2768 etiam
2445 2724 2524 2767 ex
2567 2703 2748 2768 vobis

193 2812 502 2875 canonice
533 2812 810 2877 -electus
874 2814 942 2876 in
1008 2813 1313 2878 abbatem
1379 2812 1739 2896 dyocesano
1796 2814 2096 2896 episcopo
2156 2812 2357 2875 semel
2403 2817 2469 2875 et
2512 2811 2748 2875 iterum

193 2934 307 2994 per
371 2916 649 2983 abbates
715 2921 914 2984 vestri
980 2920 1224 2985 ordinis
1286 2926 1700 3004 presentatus
1765 2919 2282 2984 benedictionem
2349 2917 2431 2983 ab
2488 2938 2563 2982 eo
2619 2939 2747 2982 non

192 3024 480 3100 potuerit
517 3025 829 3109 obtinere,
877 3027 998 3091 ne3
1046 3027 1337 3109 ecclesia,
1379 3026 1462 3091 ad
1510 3049 1708 3109 quam
1754 3033 2020 3092 vocatus
2070 3031 2212 3111 est„
2238 3025 2553 3089 destituta
2600 3046 2746 3089 con-

194 3127 335 3193 silio
382 3132 805 3215 periclitetur,
855 3132 1068 3198 officio
1116 3140 1181 3198 et
1224 3134 1366 3198 loco
1414 3134 1673 3199 abbatis
1720 3126 2009 3217 plenarie
2057 3132 2409 3197 secundum
2456 3131 2746 3196 ordinem

194 3231 501 3319 fungatur
545 3240 613 3302 in
660 3261 737 3303 ea
783 3246 918 3304 tam
964 3241 1032 3303 in
1069 3241 1495 3305 exterioribus
1542 3240 1955 3323 providendis
2003 3261 2198 3322 quam
2230 3240 2297 3303 in
2329 3238 2744 3303 interioribus

194 3344 619 3428 corrigendis,
669 3346 873 3411 donec
919 3352 1034 3411 aut
1078 3348 1444 3411 interventu
1491 3347 1812 3429 generalis
1870 3346 2139 3430 capituli
2192 3346 2394 3410 vestri
2442 3352 2556 3410 aut
2599 3350 2743 3428 pre-

195 3457 376 3532 cepto
421 3450 704 3517 Romani
758 3453 1081 3536 pontificis
1139 3475 1253 3519 seu
1308 3455 1791 3537 metropolitani
1837 3454 2354 3518 benedictionem
2402 3474 2584 3517 suam
2632 3451 2742 3517 ob-

193 3555 414 3623 tineat.
508 3559 714 3625 Porro
778 3561 959 3625 nulla
1021 3582 1300 3643 persona
1356 3561 1800 3625 ecclesiastica
1864 3583 1981 3645 pro
2048 3562 2351 3624 crismate
2416 3565 2531 3623 aut
2595 3579 2742 3623 con-

197 3667 663 3732 secrationibus
730 3673 796 3732 et
861 3668 1272 3737 ordinacione
1338 3673 1454 3731 aut
1517 3691 1635 3751 pro
1701 3668 2039 3752 sepultura
2102 3667 2391 3750 precium
2456 3672 2571 3730 aut
2624 3687 2741 3748 pro

195 3764 626 3839 benedicendo
692 3774 930 3838 abbate
986 3780 1052 3838 et
1107 3774 1481 3839 deducendo
1540 3775 1606 3838 in
1668 3774 1886 3839 sedem
1951 3795 2135 3838 suam
2180 3772 2581 3856 palefredum
2629 3777 2742 3836 aut

198 3874 434 3959 aliquid
467 3880 643 3945 aliud
677 3903 717 3945 a
747 3881 930 3946 vobis
964 3883 1237 3963 exigere,
1273 3881 1486 3945 nullus
1525 3888 1833 3963 vestrum,
1884 3882 2082 3945 etiam
2115 3881 2170 3943 si
2218 3881 2532 3962 exigatur,
2564 3878 2738 3942 ⁴dare

196 3994 549 4070 presumat,
613 3989 769 4071 quia
826 3994 892 4052 et
937 3989 1302 4070 exigentem
1348 3995 1415 4053 et
1461 3988 1726 4052 dantem
1771 3988 1967 4054 nota4
2013 3993 2079 4051 et
2123 3985 2482 4069 periculum
2529 4007 2738 4067 symo-

197 4089 371 4156 niace
416 4096 758 4177 pravitatis
814 4095 1098 4160 involvit.
1194 4095 1496 4160 Ceterum
1546 4096 1602 4158 si
1641 4094 1862 4176 aliqua
1908 4093 2329 4159 ecclesiarum
2376 4097 2737 4156 vestrarum

191 4202 467 4275 ‘pastoris
500 4200 733 4267 solatio
767 4201 1080 4266 destituta
1111 4202 1281 4265 inter
1308 4201 1543 4265 fratres
1577 4200 1657 4264 de
1679 4199 2129 4265 substituendo
2151 4198 2391 4264 abbate
2413 4198 2737 4264 discordia

200 4298 382 4371 fuerit
409 4308 511 4372 vel
543 4309 828 4372 scissura
874 4309 1142 4373 suborta
1189 4314 1254 4373 et
1299 4308 1425 4390 ipsi
1458 4306 1648 4371 facile
1696 4306 1779 4371 ad
1827 4305 2238 4371 concordiam
2282 4306 2384 4370 vel
2415 4305 2736 4369 unitatem

364 4558 381 4589 ¹
417 4558 543 4613 Von
568 4558 800 4613 anderer
833 4558 1001 4612 Hand
1037 4576 1128 4612 am
1160 4557 1354 4613 Raude
1391 4557 1816 4628 nachgetragen.
1999 4556 2021 4588 ²
2056 4557 2176 4610 Aus
2201 4562 2407 4610 statum
2443 4573 2553 4612 von
2589 4555 2731 4610 dere.

202 4636 354 4698 Hand
389 4647 694 4718 korrigiert.
859 4647 879 4678 ³
916 4647 1221 4702 Handschr.
1260 4665 1374 4701 nec.
1543 4646 1566 4677 ⁴
1603 4665 1642 4698 11
1678 4664 1788 4701 von
1824 4647 1964 4700 ders.
2001 4646 2170 4701 Hand
2210 4645 2503 4714 korrigiert
2540 4663 2638 4699 aus
2675 4663 2728 4698 u.

2235 4738 2304 4785 4*
