3242 5184
161 1254 282 1307 Fol.
324 1259 391 1308 40
401 1263 440 1308 ⁸.

1541 321 1629 327 ,-
1716 282 1921 342 74--

747 456 1118 537 Sequitur
1166 455 1593 539 capitulum
1643 456 1823 520 etc.1
1932 454 2386 521 Venerabili
2431 454 2662 519 fratri
2712 504 2726 519 .
2780 504 2795 518 .
2838 456 3036 537 epis-

833 583 1019 645 copo
1068 563 1389 644 eiusque
1428 561 2026 627 successoribus
2067 562 2440 627 canonice
2488 561 2738 626 substi
2770 562 2787 649 ᾗ
2821 567 3039 625 tuen-

834 669 947 732 dis
994 669 1589 752 imperpetuum.

652 828 730 892 In
788 829 1094 893 eminenti
1152 828 1506 911 apostolice
1563 828 1734 893 sedis
1795 828 2059 912 specula
2103 828 2258 893 licet
2301 829 2606 892 immeriti
2653 828 3039 910 disponente

478 936 733 1001 domino
792 936 1125 1000 constituti
1181 935 1415 999 fratres
1476 940 1733 1001 nostros
1791 936 2146 1018 episcopOS‚
2205 942 2341 999 tam
2394 936 2790 1018 propinquos
2840 955 3042 1016 quam

475 1042 663 1124 longe
721 1044 997 1125 positos,
1046 1042 1336 1106 fraterna
1384 1042 1691 1107 debemus
1740 1043 2013 1107 caritate
2062 1043 2327 1124 diligere
2376 1047 2440 1105 et
2485 1042 2773 1124 ecclesijs
2823 1040 2951 1104 sibi
3000 1064 3043 1103 a

477 1150 596 1214 deo
654 1150 1010 1214 commissis
1072 1148 1385 1231 pastorali
1433 1148 1841 1214 solicitudine
1896 1148 2253 1233 providere.
2357 1147 2705 1231 Quocirca,
2771 1169 3041 1212 venera-

478 1254 628 1320 bilis
674 1255 742 1318 in
792 1255 1049 1321 Christo
1096 1254 1297 1320 frater
1346 1256 1666 1339 episcope,
1715 1257 1845 1320 tuis
1892 1257 2080 1320 iustis
2120 1255 2666 1340 postulationibus
2705 1255 2721 1343 Η
2760 1253 3041 1319 clemen-

476 1368 577 1426 ter
623 1362 967 1426 annuimus
1017 1367 1084 1426 et
1129 1362 1470 1427 ecclesiam
1519 1368 1743 1429 sancte
1780 1363 1986 1427 Marie
2035 1361 2114 1427 de
2155 1412 2169 1427 .
2214 1412 2258 1444 .,
2308 1363 2412 1426 cuj
2470 1369 2736 1428 auctore
2779 1361 3041 1427 domino

477 1489 738 1552 preesse
803 1468 1227 1551 dignosceriS,
1296 1469 1415 1532 sub
1462 1469 1641 1534 beati
1686 1469 1868 1534 Petri
1925 1475 1990 1534 et
2033 1474 2260 1535 nostra
2318 1469 2718 1553 protectione
2767 1469 3039 1552 suscipi-

476 1596 618 1638 mus
695 1580 759 1639 et
830 1577 1153 1658 presentis
1230 1574 1456 1657 scripti
1518 1576 1853 1658 privilegio
1919 1577 2415 1658 communimUS,
2486 1580 2880 1657 statuenteS,
2966 1581 3043 1639 ut

395 1671 401 1676 ’
477 1703 897 1764 quascunque
944 1682 1405 1765 possessioneS,
1455 1704 1838 1765 quecunque
1883 1683 2055 1748 bona
2113 1683 2339 1748 eadem
2378 1682 2652 1747 ecclesia
2705 1682 3041 1769 inpresen-

477 1788 723 1852 ciarum
767 1790 936 1854 iuste
984 1811 1060 1853 ac
1108 1789 1414 1854 canonice
1460 1789 1753 1873 possidet
1790 1795 1903 1853 aut
1947 1791 2013 1854 in
2051 1790 2337 1854 futurum
2373 1790 2786 1854 concessione
2824 1789 3039 1872 ponti-

477 1894 689 1977 ficum,
737 1897 1080 1980 largitione
1111 1896 1495 1979 principum,
1531 1895 1858 1961 oblatione
1890 1895 2180 1960 fidelium
2228 1918 2341 1960 seu
2389 1897 2534 1980 alijs
2591 1896 2781 1960 iustis
2828 1894 3042 1959 modis

476 2007 807 2085 prestante
872 2004 1131 2068 domino
1189 2004 1429 2086 poterit
1476 2003 1779 2086 adipisci,
1837 2002 2024 2067 firma
2078 2004 2199 2069 tibi
2244 2004 2504 2086 tuisque
2553 2002 3040 2067 successoribus

478 2114 542 2173 et
587 2109 842 2174 illibata
887 2117 1346 2193 permaneant,
1395 2112 1461 2174 in
1503 2110 1739 2192 quibus
1787 2109 1906 2174 hec
1947 2111 2226 2193 propriis
2272 2110 2570 2174 duximus
2619 2108 3044 2191 exprimenda

476 2215 833 2280 vocabulis:
867 2216 1230 2282 Ecclesiam
1261 2218 1470 2301 ipsam
1510 2239 1657 2281 cum
1691 2266 1704 2280 .
1732 2267 1745 2280 .
1779 2218 1846 2280 in
1879 2217 2141 2281 civitate
2172 2216 2315 2280 tali
2348 2218 2558 2280 sancti
2588 2216 2790 2297 Petri,
2826 2217 3042 2279 sancti

476 2321 667 2385 Pauli
701 2329 775 2386 et
806 2322 1031 2405 aliaS,
1067 2345 1255 2405 quas
1288 2324 1627 2389 voluerit
1657 2324 2050 2390 nominare
2080 2324 2155 2387 in
2189 2322 2619 2410 ci[vitate‘?]
2654 2345 2800 2388 cum
2832 2324 3040 2388 omni-

476 2428 598 2492 bus
626 2430 1035 2513 pertinentijs
1067 2430 1439 2495 earumdem
1469 2431 1537 2493 in
1557 2430 1817 2513 dyocesi
1846 2430 2020 2511 tali,
2043 2431 2507 2495 monasterium
2540 2430 2725 2512 tale,
2750 2435 3043 2494 castrum

476 2536 631 2601 tale
680 2557 826 2600 cum
866 2537 1139 2601 ecclesia
1179 2537 1352 2618 tali,
1393 2537 1735 2602 castellare
1767 2537 1955 2619 tale,
2003 2537 2258 2620 plebem
2303 2537 2535 2601 talem
2567 2558 2714 2600 cum
2747 2534 3042 2620 capelliS,

474 2642 660 2708 bonis
710 2664 786 2706 ac
830 2642 1199 2708 hominibus
1248 2644 1557 2725 eiusdem,
1605 2643 1975 2709 hominibus
2026 2649 2092 2708 et
2135 2642 2656 2726 possessionibus
2706 2644 2838 2707 suis
2887 2664 3047 2707 cum

419 2832 422 2836 v
474 2748 667 2832 plena
697 2750 1161 2831 iurisdictione,
1211 2772 1408 2832 quam
1454 2750 1643 2815 talis
1693 2750 1966 2816 ecclesia
1998 2751 2287 2815 noscitur
2318 2750 2386 2812 in
2433 2772 2511 2814 ea
2555 2749 2870 2813 hactenus
2919 2749 3046 2813 ha-

476 2855 715 2938 buisse,
783 2856 1057 2921 deinde
1119 2857 1478 2939 quitquid
1542 2857 1878 2922 voluerit
1942 2858 2360 2938 nominare,
2437 2856 2705 2921 ultimo
2771 2863 3045 2939 ponat:

477 2984 622 3028 cum
669 2963 893 3045 pratiS,
943 2963 1166 3044 vineiS,
1216 2965 1427 3046 terris,
1478 2964 1683 3029 sicut
1728 2969 1935 3029 retro
1985 2965 2059 3026 in
2105 2963 2517 3047 privilegio
2566 2961 3046 3027 Cistercien-

477 3070 583 3134 sis
631 3068 956 3151 ordinis,
1008 3070 1138 3134 sed
1187 3093 1330 3135 non
1388 3091 1688 3153 semper
1742 3071 2070 3155 ponitur.
2172 3069 2395 3133 Istud
2452 3076 2568 3133 est
2623 3069 3048 3133 secundum

475 3175 674 3240 velle
733 3177 1141 3258 scriptoris
1209 3177 1326 3240 vel
1394 3178 1629 3242 aliter
1683 3182 1941 3261 potest
1996 3177 2167 3240 dici.
2279 3174 2357 3239 In
2424 3176 2660 3258 quibus
2716 3175 2836 3241 hec
2889 3198 3045 3259 pro-

473 3282 633 3365 priis
683 3282 979 3347 duximus
1026 3283 1355 3348 vocabulis
1406 3285 1854 3367 exprimenda:
1903 3283 2152 3347 Locum
2197 3284 2441 3366 ipsum,
2489 3284 2557 3347 in
2606 3305 2733 3364 quo
2780 3281 3047 3366 prefata

480 3388 754 3451 ecclesia
802 3389 927 3453 sita
976 3395 1102 3471 est,
1152 3412 1298 3454 cum
1346 3390 1645 3455 omnibus
1693 3390 2100 3473 pertinentijs
2151 3392 2304 3454 suis.
2398 3389 2503 3452 Ad
2550 3389 2669 3452 hec
2717 3389 3045 3454 cimiteria

477 3494 897 3558 ecclesiarum
954 3502 1019 3559 et
1075 3497 1518 3562 ecclesiastica
1573 3497 1892 3563 beneficia
1938 3496 2152 3559 nullus
2199 3495 2592 3559 hereditario
2640 3497 2781 3559 iure
2827 3497 3042 3578 possi-

477 3600 645 3664 deat.
742 3600 928 3682 Quod
977 3602 1031 3665 si
1080 3603 1223 3685 quis
1270 3603 1486 3669 facere
1532 3604 2019 3687 presumpserit,
2070 3623 2342 3667 censura
2390 3603 2701 3667 canonica
2748 3624 3045 3685 compes-

476 3712 679 3771 catur.
791 3706 1100 3772 Preterea
1171 3710 1343 3791 quod
1418 3712 1741 3775 communi
1816 3732 2086 3775 assensu
2161 3708 2431 3792 capituli
2495 3709 2593 3772 tui
2659 3708 2759 3772 vel
2825 3692 3041 3791 partis

477 3815 738 3878 maioris
787 3814 1032 3898 consilij
1086 3816 1359 3886 sanioris
1405 3818 1474 3879 in
1520 3822 1637 3881 tua
1684 3817 1940 3900 dyocesi
1987 3838 2103 3899 per
2158 3823 2222 3880 te
2278 3814 2377 3878 vel
2426 3835 2830 3880 successores
2889 3822 3043 3880 tuos

477 3920 672 3984 fuerit
735 3922 1040 3985 canonice
1107 3921 1514 4003 institutum,
1577 3929 1791 3987 ratum
1848 3929 1913 3987 et
1967 3923 2223 3986 firmum
2279 3921 2573 3986 volumus
2630 3942 3038 4005 permanere.

475 4027 902 4091 Prohibemus
968 4028 1268 4111 insuper,
1337 4050 1415 4092 ne
1482 4030 2070 4094 excommunicatos
2135 4028 2237 4093 vel
2300 4028 2679 4093 interdictos
2745 4034 2894 4093 tuos
2955 4029 3041 4092 ad

476 4132 750 4197 offitium
782 4135 882 4197 vel
914 4135 1425 4199 communionem
1458 4136 1969 4200 ecclesiasticam
2008 4137 2145 4200 sine
2178 4136 2573 4199 conscientia
2606 4141 2670 4199 et
2717 4157 3039 4199 consensu

475 4245 587 4305 tuo
622 4241 968 4323 quisquam
1002 4240 1307 4305 admittat
1338 4249 1452 4305 aut
1483 4248 1710 4306 contra
1742 4243 2131 4306 sententiam
2177 4249 2359 4306 tuam
2398 4243 2703 4306 canonice
2750 4243 3037 4325 promul-

476 4354 736 4429 gatam2
768 4347 1003 4429 aliquis
1036 4348 1254 4412 venire
1290 4354 1645 4432 presumat,
1679 4349 1808 4412 nisi
1827 4348 1993 4413 forte
2024 4349 2386 4432 periculum
2419 4349 2644 4413 mortis
2677 4349 3035 4431 immineat,

655 4544 673 4575 ¹
709 4542 834 4597 Auf
871 4544 969 4598 der
1016 4542 1192 4613 Zeile,
1239 4543 1446 4599 welche
1492 4547 1594 4598 mit
1638 4562 1801 4599 amen
1856 4546 2035 4599 endet.
2254 4545 2276 4576 ²
2310 4546 2421 4599 Am
2478 4544 2677 4600 Raude
2726 4550 2814 4600 rot
2869 4544 3034 4599 nach-

473 4638 755 4703 getragen.
830 4632 915 4686 Im
951 4633 1097 4687 Text
1132 4633 1467 4688 celebratam
1504 4639 1590 4687 rot
1626 4634 1839 4705 getilgt.
