3242 5184
1285 257 1773 318 -199—-

264 435 610 518 recipiant,
675 435 871 497 etiam
924 433 1211 516 ipsorum
1265 453 1626 515 pauperum
1679 436 1982 514 prompta
2034 430 2348 494 instantia
2392 427 2807 494 liberalitatis

265 534 566 606 oblatum.

435 646 599 729 Qui1
631 651 848 711 autem
881 646 965 709 ab
997 646 1091 710 eis
1123 645 1369 727 aliquid
1400 646 1781 728 receperint,
1819 664 2234 727 nequaquam
2265 642 2622 708 dominium
2670 642 2808 706 eius

261 756 617 837 acquirant,
667 753 779 818 sed
828 751 910 817 ad
954 753 1431 817 restitutionem
1479 751 1658 835 dupli
1704 751 1862 833 eiUS,
1911 751 2083 832 quod
2128 750 2509 832 receperint,
2556 749 2650 812 sic
2697 768 2807 812 eos

257 862 459 926 teneri
523 861 818 925 volumus
887 864 953 923 et
1016 860 1316 941 astringi,
1383 865 1458 922 ut
1523 860 1721 923 etiam
1776 858 1973 923 nichil
2035 879 2153 942 per
2215 857 2422 921 dictos
2487 874 2806 937 pauperes

256 968 495 1033 remitti
525 972 746 1050 posset
779 966 1039 1031 eisdem.
1105 964 1212 1030 Ad
1243 987 1438 1049 quam
1469 965 1732 1048 quidem
1762 966 2239 1029 restitutionem
2270 984 2387 1046 per
2416 960 2807 1026 vicecancel-

253 1074 484 1139 larium
523 1080 746 1139 sancte
783 1073 1075 1139 Romane
1121 1073 1408 1161 ecclesie,
1459 1073 1568 1154 qui
1616 1074 1741 1137 erit
1783 1094 1900 1155 pro
1946 1077 2258 1154 tempore,
2304 1091 2423 1154 per
2468 1090 2807 1134 censuram

254 1181 759 1246 ecclesiasticam
791 1179 1275 1263 compellantur.
1353 1180 1451 1245 Ne
1481 1201 1632 1244 vero
1647 1180 1690 1261 2,
1741 1179 1910 1261 quod
1959 1179 2149 1260 absit,
2196 1176 2569 1261 cupiditatis
2615 1175 2810 1240 ardor

250 1288 478 1352 incitet
542 1287 888 1352 advocatos
948 1309 1066 1370 pro
1121 1286 1545 1352 immoderato
1599 1286 1780 1351 lucro
1828 1285 2148 1369 captando
2196 1284 2280 1349 ad
2327 1281 2807 1366 suscipiendum

251 1416 592 1459 causarum
638 1393 1146 1475 multitudinem,
1206 1393 1288 1459 ad
1335 1415 1610 1477 quarum
1655 1393 2087 1476 patrocinium
2132 1414 2262 1456 non
2309 1388 2635 1455 sufficiant
2678 1410 2807 1453 non

248 1501 499 1583 absque
552 1502 841 1584 ipsarum
896 1500 1281 1566 detrimento
1337 1522 1680 1565 causarum
1727 1506 1792 1564 et
1836 1498 2297 1564 clienculorum
2344 1518 2604 1562 suorum
2650 1496 2804 1559 irre-

243 1607 528 1691 parabili
572 1607 918 1690 preiuditio
967 1614 1032 1672 et
1082 1608 1354 1689 iactura,
1412 1606 1710 1672 omnibus
1776 1606 2104 1671 advocatis
2171 1605 2459 1670 eiusdem
2512 1602 2805 1668 Romane

246 1714 424 1778 curie
457 1712 869 1797 presentibus
910 1720 974 1778 et
1004 1713 1237 1779 futuris
1270 1714 1627 1779 districtius
1658 1715 2044 1794 inhibemus,
2094 1733 2174 1777 ne
2208 1713 2552 1794 quisquam
2584 1730 2806 1774 eorum

242 1826 342 1886 tot
398 1842 630 1886 causas
688 1822 1025 1904 suscipiat,
1059 1820 1258 1903 ‘quod
1321 1823 1414 1886 eis
1481 1823 1989 1905 oportunitatem
2054 1819 2401 1902 necessarij
2473 1817 2667 1900 studij
2738 1821 2805 1879 et

245 1928 580 1993 solertiam
635 1926 920 1993 debitam
974 1929 1042 1991 in
1096 1917 1564 2011 prosequendis
1630 1950 1745 1993 seu
1800 1927 2150 2010 dirigendis
2218 1925 2459 1991 eisdem
2524 1928 2806 2007 nequeat

241 2034 576 2115 adhibere,
599 2056 743 2099 cum
763 2034 991 2099 melius
1026 2036 1111 2099 sit
1140 2035 1304 2101 bene
1329 2041 1352 2120 ΙΙ
1388 2037 1612 2119 paucis
1644 2035 1980 2101 intendere
2012 2055 2207 2118 quam
2237 2033 2444 2097 multa
2475 2032 2802 2113 suscipere

239 2140 623 2224 periculose.
721 2140 967 2223 Quodsi
1024 2141 1188 2207 forte
1243 2150 1469 2208 contra
1512 2141 1964 2208 inhibitionem
2008 2138 2378 2205 huiusmodi
2425 2142 2524 2202 tot
2570 2158 2800 2202 causas

236 2249 624 2331 receperint,
673 2252 747 2312 ut
777 2248 1021 2313 eisdem
1053 2249 1322 2331 singulis
1355 2271 1484 2316 non
1515 2251 1768 2332 possint
1798 2249 2089 2315 debitum
2137 2246 2422 2312 studium
2468 2250 2535 2308 et
2579 2265 2798 2309 neces-

238 2357 483 2419 sariam
529 2354 865 2420 solerciam
912 2355 1215 2420 exhibere
1229 2356 1273 2437 3,
1332 2363 1396 2420 et
1441 2355 1522 2421 ob
1569 2355 1693 2420 hoc
1739 2356 1946 2421 dictas
1993 2377 2222 2420 causas
2268 2353 2372 2418 vel
2417 2374 2639 2418 earum
2685 2350 2799 2415 ali-

235 2482 438 2543 quam
458 2463 670 2543 perire
689 2461 794 2525 vel
822 2463 1012 2526 nimis
1036 2460 1445 2545 dispendiose
1477 2460 1722 2526 differri
1759 2463 2111 2545 contingat,
2146 2460 2229 2525 ad
2260 2461 2798 2526 restaurationem

234 2588 673 2651 expensarum
705 2574 770 2632 et
802 2568 1226 2651 dampnorum
1259 2574 1324 2632 et
1352 2569 1667 2633 interesse
1703 2570 1930 2652 partiS,
1979 2570 2035 2632 si
2081 2568 2230 2633 talis
2278 2569 2363 2632 sit
2409 2588 2625 2649 causa,
2674 2586 2799 2648 que

232 2675 723 2739 extimationem
787 2676 1061 2758 recipiat
1111 2675 1212 2739 vel
1269 2674 1533 2740 decimis
1587 2677 1901 2741 interesse
1964 2676 2200 2758 possit,
2264 2674 2572 2751 satisfieri
2635 2674 2799 2739 inte-

231 2780 507 2864 graliter
563 2786 926 2847 teneantur.
1030 2782 1337 2864 Alioquin
1393 2782 1567 2846 ultra
1620 2802 1937 2865 expensas
2004 2781 2264 2873 easdem
2327 2804 2445 2865 pro
2511 2780 2799 2846 eiusdem

228 2887 747 2972 vicecancellarij
815 2890 883 2953 in
939 2890 1150 2954 causis
1200 2888 1785 2971 consistorialibus,
1834 2891 1901 2953 in
1948 2891 2161 2954 causis
2207 2910 2360 2954 vero
2408 2890 2585 2973 alijs,
2636 2910 2797 2971 quas

231 2994 413 3079 apud
461 2994 680 3059 sedem
726 2996 1151 3079 apostolicam
1198 2996 1431 3078 agitari
1487 2997 1857 3078 contigerit,
1913 3019 2031 3080 pro
2088 2996 2455 3061 auditorum
2508 2998 2798 3080 ipsarum

230 3123 602 3181 causarum,
636 3101 769 3165 sive
809 3101 1136 3168 auditores
1167 3104 1294 3185 ipsi
1326 3104 1458 3167 sint
1487 3108 1710 3168 sancte
1740 3102 2034 3168 Romane
2073 3103 2340 3168 ecclesie
2373 3103 2798 3169 cardinalium

231 3212 371 3274 sive
438 3209 580 3291 alij,
657 3208 768 3290 qui
843 3208 1015 3291 apud
1081 3209 1297 3274 sedem
1361 3209 1722 3291 predictam
1785 3209 2153 3274 huiusmodi
2214 3231 2443 3274 causas
2511 3210 2795 3293 audient,

231 3315 508 3381 arbitrio
555 3315 926 3397 puniantur.
945 3315 972 3354 4
1060 3315 1311 3379 Rursus
1359 3314 1634 3396 quilibet
1679 3314 2068 3397 advocatus,
2136 3322 2486 3399 antequam
2532 3338 2796 3382 causam

228 3419 723 3506 proponendam
781 3427 846 3485 et
900 3420 1300 3503 dirigendam
1356 3421 1694 3503 suscipiat,
1753 3420 1994 3487 factum
2059 3423 2383 3506 clientuli,
2444 3425 2625 3488 cuius
2673 3425 2797 3489 erit

229 3528 586 3610 negotium,
635 3548 779 3590 cum
826 3528 966 3609 ipso
1013 3527 1418 3611 principali⁵,
1469 3528 1525 3591 si
1569 3529 1828 3610 poterit,
1876 3528 1976 3593 vel
2025 3551 2169 3594 cum
2215 3537 2634 3613 procuratore
2682 3552 2796 3598 seu

229 3639 604 3719 promotore
651 3654 842 3698 cause
888 3635 1120 3716 ipsius,
1187 3639 1253 3698 et
1310 3655 1435 3716 que
1498 3636 1900 3700 munimenta
1963 3636 2316 3719 qualesque
2380 3639 2795 3722 probationes

233 3761 433 3824 super
479 3739 649 3805 dicto
696 3741 952 3822 negotio
1001 3741 1352 3805 clienculus
1406 3740 1649 3807 habeat
1700 3742 1804 3806 vel
1855 3742 2094 3808 habere
2149 3746 2417 3827 poterit,
2476 3748 2800 3812 examinet

421 3990 438 4021 ¹
478 3990 693 4061 Desgl.:
735 3991 803 4043 de
831 4030 841 4042 .
873 4030 885 4042 .
914 4031 925 4043 .
953 3989 1052 4059 [sic
1078 3990 1368 4060 receptis‘?]
1392 3994 1702 4059 restituant,
1732 3998 1788 4045 et
1812 3993 1882 4046 ad
1907 3984 2011 4047 hoc
2035 4011 2135 4063 per
2160 3996 2670 4050 vicecancellarium
2700 4038 2711 4050 .
2741 4038 2752 4050 .
2783 4039 2795 4051 .

241 4078 744 4148 [compellantur?].
856 4079 876 4110 2
913 4078 1130 4150 Desgl.:
1170 4081 1319 4150 quod
1344 4081 1599 4135 advocati
1626 4098 1736 4134 non
1762 4084 2031 4151 recipiant
2065 4084 2252 4152 plures
2289 4102 2482 4140 causas
2520 4104 2688 4156 quam
2725 4092 2799 4143 sit

240 4167 478 4221 facultas
513 4168 819 4237 patrocinij.
1002 4167 1024 4197 ³
1060 4167 1170 4222 Am
1206 4168 1402 4222 Rande
1437 4186 1548 4223 von
1584 4171 1841 4238 anderer,
1880 4170 2172 4243 fliichtiger
2208 4173 2401 4228 Hand:
2441 4177 2590 4245 quod
2627 4179 2796 4233 advo-

242 4262 398 4311 catus
443 4261 697 4310 teneatur
741 4257 811 4309 ad
859 4259 1261 4311 restitutionem
1308 4258 1676 4326 dampnorum
1725 4263 1781 4312 et
1826 4277 2187 4330 expensarum
2233 4264 2292 4316 in
2328 4266 2506 4317 causis
2541 4282 2641 4335 per
2678 4268 2795 4322 eius

243 4344 640 4414 negligentiam
674 4345 919 4415 perditis,
957 4348 1002 4398 si
1038 4346 1226 4414 plures
1263 4348 1469 4415 recepit
1505 4364 1672 4416 quam
1710 4349 1782 4401 sit
1816 4348 2052 4404 facultas
2089 4353 2219 4404 eine.
2329 4351 2352 4383 4
2389 4352 2606 4424 Desgl.:
2645 4357 2795 4425 quod

246 4449 435 4487 omnes
460 4432 715 4487 advocati
739 4435 1043 4502 puniantur
1066 4434 1292 4489 arbitrio
1309 4436 1512 4503 judicis
1550 4477 1562 4489 .
1586 4477 1597 4488 .
1621 4477 1634 4489 .
1661 4436 1729 4507 [P]
1754 4454 1820 4490 ex
1845 4440 2162 4494 eorumdem
2188 4440 2255 4510 [Ρ]
2293 4441 2514 4497 defectu
2549 4461 2794 4499 succum-

246 4520 388 4575 bunt
422 4522 479 4574 in
517 4538 697 4575 causa.
827 4523 848 4554 ⁵
884 4522 1099 4595 Desgl.:
1138 4525 1274 4595 quid
1298 4524 1464 4579 faciet
1487 4524 1804 4595 advocatus,
1831 4533 2129 4599 antequam
2154 4537 2429 4600 proponat
2464 4534 2555 4588 vel
2592 4534 2795 4605 dirigat

248 4626 485 4664 causam.

2856 2042 2974 2096 Fol.
3001 2047 3102 2096 104
3114 2043 3154 2095 b.
