3242 5184
1296 309 1784 371 —231—

533 537 641 600 De
688 536 1169 620 attemptatis
1218 543 1292 602 et
1337 537 1583 619 mod0,
1634 538 1933 620 quando
1989 539 2127 602 lite
2182 539 2594 622 pendente,
2644 538 2822 620 quid

623 648 1154 727 attemptetur.

443 785 786 850 Sciendum
818 786 1035 868 igitur,
1083 786 1275 868 quod,
1315 788 1372 850 si
1401 788 1515 852 lite
1545 787 1868 871 pendente
1913 809 2030 870 per
2076 788 2349 855 alteram
2387 788 2677 871 parcium
2709 787 2825 851 ali-

266 893 423 974 quid
468 894 535 956 in
581 893 876 976 partibus
931 898 997 957 et
1041 894 1108 956 in
1154 895 1334 958 curia
1388 892 1582 958 fuerit
1629 900 2106 978 attemptatum,
2153 901 2313 979 puta
2358 895 2525 959 alter
2568 895 2824 976 litigan-

269 1001 438 1063 cium
486 999 686 1063 alium
731 999 845 1065 lite
891 999 1213 1083 pendente
1260 1001 1562 1085 spoliavit
1590 1022 1661 1065 16
1694 1007 1810 1066 6111
1837 1008 2024 1086 parte
2055 1004 2169 1085 rei,
2205 1024 2398 1086 super
2429 1022 2560 1084 qua
2590 1003 2825 1086 agitur,

267 1113 383 1171 aut
428 1127 573 1170 eum
619 1127 735 1190 per
780 1106 977 1171 alium
1024 1106 1321 1189 iudicem,
1371 1129 1566 1190 quam
1614 1108 1832 1173 cor‘am
1878 1130 2007 1191 quo
2040 1130 2239 1175 causa
2267 1108 2526 1192 pendet,
2575 1129 2826 1175 excom-

267 1214 583 1277 municari
639 1233 754 1277 seu
807 1213 970 1277 alias
1028 1235 1222 1297 super
1277 1215 1503 1280 eadem
1557 1237 1629 1280 16
1676 1216 2008 1280 molestari
2051 1216 2423 1300 procuravit
2476 1236 2592 1283 seu
2636 1217 2704 1279 in
2750 1235 2830 1282 ea

269 1342 338 1385 se
371 1319 644 1384 intrudit
690 1340 803 1383 seu
850 1319 975 1384 sibi
1018 1320 1343 1403 provideri
1396 1321 1552 1388 fecit
1605 1324 1687 1389 de
1732 1322 2066 1404 beneficio,
2115 1322 2286 1404 quod
2334 1322 2713 1406 acceptavit,
2761 1326 2828 1385 et

267 1434 419 1491 ante
466 1427 982 1492 commissionem
1030 1449 1223 1493 cause
1270 1434 1336 1493 et
1379 1428 1560 1493 litem
1607 1429 1978 1497 inchoatam
2015 1451 2133 1513 per
2163 1450 2308 1495 eam
2339 1429 2465 1509 sibi
2496 1429 2577 1497 de
2607 1429 2826 1495 huius-

265 1533 442 1597 modi
473 1532 784 1598 beneficio
816 1556 946 1599 non
977 1534 1130 1600 fecit
1158 1535 1483 1620 provideri
1521 1535 1635 1599 sed
1678 1535 1917 1619 forsan,
1965 1544 2057 1618 ut,
2104 1536 2482 1620 plerumque
2515 1536 2828 1619 contingit

268 1641 500 1722 aliquis
545 1640 700 1705 fecit
753 1662 1012 1706 causam
1061 1644 1374 1707 committi
1420 1663 1614 1725 super
1669 1649 1845 1709 certo
1870 1648 1938 1727 111
1956 1642 2268 1708 beneficio
2315 1648 2491 1708 certo
2545 1642 2826 1709 auditori

269 1754 335 1812 et
387 1746 611 1812 habita
667 1748 980 1812 citacione
1036 1748 1119 1813 ad
1176 1756 1397 1833 partes
1453 1750 1672 1831 vigore
1720 1750 1891 1815 dicte
1937 1750 2432 1832 commissionis,
2480 1756 2828 1831 antequa-m

268 1853 708 1918 adversarium
765 1857 920 1921 citet
992 1862 1107 1920 aut
1167 1856 1366 1920 alium
1421 1862 1639 1920 actum
1693 1858 1759 1920 in
1816 1878 2014 1921 causa
2065 1857 2263 1921 faciet
2282 1907 2297 1938 ,
2364 1857 2535 1921 idem
2609 1876 2827 1923 execu-

267 1966 474 2024 torem
522 1982 636 2025 seu
681 1962 958 2027 iudicem
1006 1962 1129 2027 sibi
1178 1962 1557 2046 deputatum
1603 1964 1671 2025 in
1719 1963 1923 2028 literis
1971 1964 2343 2047 apostolicis
2388 1964 2654 2028 accedet
2697 1984 2827 2026 non

268 2066 562 2131 faciendo
617 2070 1019 2133 mencionem
1075 2069 1154 2133 de
1209 2069 1578 2134 huiusmodi
1633 2091 1827 2134 cause
1890 2071 2338 2136 commissione
2400 2072 2469 2135 in
2529 2070 2829 2135 Romana

270 2174 452 2239 curia
497 2174 580 2239 ad
628 2176 727 2239 sui
772 2176 1180 2258 instanciam,
1227 2183 1302 2241 ut
1338 2178 1753 2260 premittitur,
1801 2177 1976 2242 facta
2020 2177 2361 2261 ipsumque
2407 2178 2684 2242 iudicem
2731 2179 2826 2241 in-

272 2282 466 2363 stiget
509 2281 594 2346 ad
638 2283 1116 2365 procedendum
1164 2305 1277 2349 seu
1323 2284 1606 2366 aliquem
1653 2291 1868 2349 actum
1913 2283 2278 2349 faciendum
2311 2291 2536 2349 contra
2575 2305 2827 2367 posses-

272 2409 483 2452 sorem
538 2389 728 2453 huius
783 2389 1075 2474 beneficij
1137 2412 1251 2456 seu
1299 2391 1517 2472 alium,
1575 2397 1801 2455 contra
1838 2411 2030 2472 quem
2078 2392 2442 2456 commissio
2490 2392 2634 2475 ipsa
2679 2413 2826 2455 con-

203 2559 209 2565 ,
272 2496 440 2559 stitit
482 2496 807 2580 inpetrata
845 2503 911 2561 et
954 2498 1326 2580 prestanda,
1375 2504 1441 2562 et
1486 2498 1542 2561 si
1586 2497 1696 2561 ille
1740 2498 2151 2580 postmodum
2209 2497 2291 2561 ad
2348 2519 2608 2563 causam
2656 2499 2830 2561 venit

272 2603 365 2667 sic
398 2605 825 2685 commissam,
876 2610 1102 2669 6011116
1142 2626 1333 2688 quem
1380 2606 1474 2668 sic
1513 2625 1888 2688 processum
1937 2605 2170 2685 extitit,
2220 2604 2466 2687 absque
2515 2605 2827 2670 citacione

2990 1624 3110 1678 Fol.

2873 1712 3196 1767 CCXXXII
3212 1722 3242 1765 ².

2958 1806 3158 1869 (258⁸)

272 2709 513 2773 domini
578 2709 891 2775 auditoris
956 2711 1081 2775 sibi
1144 2712 1481 2781 intimata2
1545 2717 1659 2775 aut
1721 2732 1837 2794 per
1901 2732 2048 2775 eum
2112 2711 2469 2794 appellacio
2535 2733 2575 2775 a
2638 2711 2827 2775 dictis
2893 2712 2896 2715 ’

271 2816 721 2881 executoribus
768 2820 1008 2900 poterit
1053 2839 1270 2884 coram
1318 2818 1488 2882 dicto
1535 2819 1796 2883 domino
1845 2818 2138 2883 auditore
2184 2839 2380 2901 super
2425 2820 2827 2901 attemptatis

274 2924 639 3005 procedere,
689 2931 755 2988 61
800 2946 997 2989 causa
1043 2931 1343 2990 censetur
1388 2947 1532 2990 esse
1564 2925 1868 2990 devoluta
1899 2931 2124 2990 contra
2153 2925 2356 3007 illum,
2403 2926 2516 3006 qui
2558 2925 2828 2989 eandem

274 3031 654 3095 citacionem
702 3030 946 3095 fecerat
988 3033 1373 3115 presentari,
1420 3040 1487 3097 61
1532 3033 1831 3097 similiter
1875 3033 1942 3095 in
1987 3032 2319 3115 premissis
2368 3031 2512 3114 aliis
2559 3038 2625 3095 et
2656 3033 2828 3095 simi-

271 3137 441 3201 libus
506 3138 763 3202 casibus
830 3138 1257 3204 diversimode
1322 3139 1807 3204 occurrentibus
1873 3139 2131 3203 auditor
2195 3159 2387 3202 cause
2444 3144 2830 3219 attemptata

272 3244 641 3308 huiusmodi
688 3266 881 3309 cause
928 3245 1274 3310 revocabit.

538 3476 646 3540 De
692 3478 1042 3541 terminis
1091 3497 1319 3558 super
1366 3479 1854 3559 attemptatis
1887 3474 2430 3543 observandis.

448 3618 759 3684 Preterea
813 3619 1145 3684 sciendum
1201 3625 1318 3701 est,
1379 3619 1551 3701 quod
1606 3621 1675 3684 in
1731 3620 2023 3702 qualibet
2066 3626 2253 3703 parte
2301 3620 2433 3685 litis
2479 3641 2655 3702 pars,
2702 3641 2826 3701 que

272 3724 534 3789 deducit
595 3725 963 3790 huiusmodi
1017 3732 1426 3810 attemptata,
1494 3726 1649 3791 dare
1712 3727 1953 3812 poterit
2016 3734 2165 3791 ante
2231 3727 2704 3792 conclusionem
2762 3729 2826 3790 in

273 3853 470 3895 causa
515 3832 882 3898 huiusmodi
926 3832 1167 3897 factam
1222 3839 1433 3898 certas
1496 3835 1860 3916 posiciones
1921 3839 1988 3898 et
2051 3833 2358 3898 articulos
2381 3883 2396 3914 ,
2461 3835 2528 3897 in
2593 3834 2828 3917 quibus

273 3937 572 4002 distincte
606 3938 788 4003 dabit
817 3940 977 4004 talia
1007 3939 1144 4005 fore
1176 3940 1836 4024 attemptata’talibus
1869 3940 2268 4024 temporibus
2301 3947 2526 4004 contra
2571 3963 2719 4006 eum
2751 3942 2825 4027 [Ξ]

273 4064 390 4126 per
443 4043 636 4108 aliam
691 4054 962 4128 partem,
1020 4052 1087 4112 61
1129 4047 1499 4112 huiusmodi
1553 4048 1989 4131 posicionibus
2046 4054 2113 4112 et
2158 4026 2446 4111 articulis
2494 4047 2830 4131 prefigitur

271 4152 585 4216 terminus
632 4158 747 4215 aut
793 4154 1027 4218 citetur
1061 4175 1214 4237 pars
1253 4156 1384 4219 alia
1422 4154 1504 4218 ad
1550 4154 2070 4237 respondendum
2108 4154 2546 4238 posicionibus
2603 4160 2668 4218 et
2726 4177 2826 4218 61-

271 4258 510 4340 ticulis,
578 4257 920 4323 dicendum
985 4268 1212 4326 contra
1266 4262 1637 4326 huiusmodi
1694 4262 2004 4327 articulos
2052 4261 2136 4325 ad
2181 4262 2456 4344 primam
2497 4260 2668 4326 diem
2715 4267 2830 4324 aut

272 4366 625 4431 secundum
671 4366 772 4430 vel
818 4365 1003 4431 VIII.
1053 4368 1245 4449 diem,
1295 4369 1466 4450 quod
1515 4374 1650 4433 stat
1694 4370 1761 4432 in
1807 4370 2054 4453 partis3
2099 4375 2215 4432 aut
2258 4368 2489 4433 iudicis
2538 4368 2824 4452 opcione.

271 4473 522 4537 Deinde
564 4480 874 4538 accusata
905 4475 1314 4539 contumacia
1359 4481 1476 4539 aut
1522 4482 1748 4539 contra
1796 4474 2103 4539 articulos
2140 4475 2510 4540 huiusmodi
2559 4481 2827 4558 excepto

454 4669 472 4699 ¹
510 4670 583 4723 Es
620 4672 768 4726 fahrt
808 4672 898 4725 die
934 4677 1077 4725 erste
1114 4670 1281 4724 Hand
1319 4670 1444 4725 fort.
1580 4673 1601 4702 2
1641 4671 1875 4726 Hdschr.
1915 4674 2199 4726 intamata.
2320 4672 2343 4702 ³³
2378 4672 2611 4726 Ildschr.
2650 4679 2824 4742 parte.
