3242 5184
232 1037 349 1093 Fol.
389 1043 456 1092 29
471 1036 512 1092 ¹².

1614 318 2057 383 —54—

551 519 680 564 non
726 497 1034 582 percepit,
1076 497 1217 564 ,sive
1265 496 1345 560 de
1392 495 1551 560 ortis
1600 501 1667 559 et
1720 492 2014 576 virgultis
2069 498 2136 556 et
2188 492 2659 576 piscationibus
2714 492 2948 557 vestris
3010 491 3120 556 vel

551 603 631 669 de
676 603 1090 668 nutrimentis
1138 601 1517 667 animalium
1545 605 1928 681 vestrorum,
1975 598 2193 663 nullus
2231 621 2271 664 a
2306 620 2386 664 vo
2395 599 2489 664 bis
2528 599 2812 664 decimas
2851 600 3121 683 exigere

547 710 651 775 vel
705 715 1089 793 extorquere
1144 701 1495 793 presumat.
1586 706 2044 771 Interdicimus
2099 727 2251 771 vero
2308 706 2627 790 episcopis
2682 710 2749 770 et
2802 706 2951 789 alijs
3013 727 3120 771 ec-

551 815 895 881 clesiarum
951 817 1250 900 prelatis,
1306 816 1432 880 nisi
1488 820 1743 879 servato
1800 813 2147 878 evectionis
2211 834 2479 878 numero
2543 814 2613 877 in
2674 813 3119 881 Lateranensi

551 922 822 989 concilio
888 923 1271 1005 constituto,
1327 923 1395 986 in
1448 922 1680 987 vestris
1735 921 2147 1003 monasterijs
2202 920 2541 1003 hospitari.
2642 920 2749 985 Ad
2803 923 3118 1005 grangias

551 1034 770 1095 autem
822 1035 1072 1094 vestras
1133 1035 1199 1093 et
1252 1028 1336 1094 ad
1393 1033 1607 1093 curtes
1662 1026 2037 1112 hospitandi
2091 1027 2313 1109 gracia
2367 1048 2497 1093 non
2542 1027 2669 1092 nisi
2712 1028 2781 1092 in
2817 1028 2835 1118 ΙΙ
2871 1051 3121 1112 magna

550 1137 938 1202 necessitate
985 1135 1310 1201 divertant
1354 1141 1421 1201 et
1464 1141 1619 1199 tunc
1675 1136 1962 1201 contenti
2016 1135 2146 1198 sint
2198 1134 2486 1218 ipsarum
2543 1135 2955 1200 mansionum
3011 1158 3117 1220 cy-

551 1243 755 1328 barijs
804 1243 1130 1309 consuetis
1168 1264 1314 1307 cum
1351 1242 1691 1308 honestate
1730 1247 1927 1324 atque
1964 1241 2237 1306 caritate
2276 1239 2602 1306 exhibitis.
2677 1240 2855 1306 Nulli
2890 1249 3122 1308 autem

554 1351 830 1415 seculari
894 1370 1165 1432 persone
1226 1350 1328 1414 vel
1393 1349 1829 1414 ecclesiastice
1902 1349 1970 1412 in
2043 1347 2264 1431 aliqua
2340 1346 2675 1413 domorum
2747 1354 3118 1415 vestrarum

552 1456 748 1522 liceat
795 1457 1099 1521 carnibus
1144 1457 1319 1520 vesci
1355 1456 1483 1520 nisi
1519 1455 1861 1521 manifeste
1901 1454 2283 1538 egritudinis
2323 1475 2540 1536 causa,
2589 1461 2655 1519 et
2689 1455 2812 1520 hoc
2848 1456 2917 1519 in
2956 1457 3116 1522 solis

553 1564 965 1647 monasterijs
1012 1563 1546 1629 conventualibus
1591 1563 1844 1626 vestriS.
1937 1560 2363 1626 Prohibemus
2410 1562 2702 1644 insuper,
2758 1583 2840 1626 ne
2888 1563 3118 1645 aliqua

549 1691 829 1754 persona
874 1670 1110 1735 fratres
1158 1669 1401 1735 ordinis
1438 1668 1639 1733 vestri
1686 1666 1926 1734 audeat
1970 1668 2055 1732 ad
2102 1667 2421 1732 secularia
2456 1668 2699 1733 iudicia
2734 1690 3114 1753 provocare.

551 1776 680 1842 Sed
729 1777 784 1841 si
843 1778 988 1860 quis
1034 1776 1346 1841 adversus
1394 1797 1503 1841 eos
1552 1774 1799 1858 aliquid
1847 1775 1972 1839 sibi
2018 1774 2365 1839 crediderit
2409 1774 2490 1840 de
2536 1776 2677 1840 iure
2723 1781 3115 1859 competere,

553 1883 674 1950 sub
723 1883 1146 1949 ecclesiastici
1193 1883 1488 1947 examine
1533 1881 1753 1964 iudicij
1806 1880 2177 1965 experiendi
2221 1881 2464 1947 habeat
2510 1881 2905 1949 facultatem.
3005 1883 3116 1948 Li-

552 1991 751 2056 citum
807 1969 1105 2074 preterea
1150 1989 1333 2055 vobis
1391 1989 1476 2053 sit
1530 1989 1598 2052 in
1646 1988 1859 2052 causis
1904 1988 2137 2053 vestris
2183 1988 2420 2053 fratres
2465 1989 2749 2072 ydoneos
2796 1990 2881 2056 ad
2925 1994 3117 2058 testi-

550 2096 876 2162 ficandum
923 2096 1245 2161 adducere
1294 2101 1629 2187 eteorum
1665 2095 2058 2178 testimonio,
2108 2096 2276 2160 sicut
2311 2101 2561 2161 rectum
2597 2096 2811 2180 fuerit,
2860 2104 2929 2164 et
2964 2123 3115 2184 pro-

550 2205 812 2288 pulsare
858 2203 1231 2268 violentiam
1277 2209 1343 2268 et
1386 2202 1714 2266 iusticiam
1760 2202 2123 2267 vendicare.
2218 2201 2646 2267 Prohibemus
2705 2225 2984 2288 quoque,
3036 2229 3116 2272 ne

551 2308 817 2376 cuilibet
847 2309 1282 2375 ecclesiastice
1315 2308 1470 2396 [vel]
1505 2309 1780 2373 seculari
1826 2329 2102 2392 persone
2148 2308 2248 2373 fas
2295 2309 2381 2373 sit
2424 2310 2493 2373 in
2539 2311 2830 2394 ecclesijs
2875 2314 3115 2378 vestris

551 2422 777 2483 contra
839 2421 1086 2481 statuta
1146 2415 1610 2480 Lateranensis
1675 2415 1925 2499 concilij
1981 2415 2200 2480 tallias
2268 2436 2570 2481 exercere
2624 2416 2727 2480 vel
2781 2418 3116 2499 quaslibet

551 2525 715 2589 alias
761 2523 942 2588 vobis
988 2522 1243 2606 ineptas
1301 2527 1367 2587 et
1419 2522 1679 2606 iniquas
1699 2522 1721 2560 1
1778 2523 2148 2587 exactiones
2204 2523 2550 2606 imponere.
2653 2522 3115 2590 Interdicimus

551 2633 749 2697 etiam
795 2629 997 2711 vobis,
1045 2649 1127 2693 ne
1170 2627 1366 2710 feras,
1414 2649 1587 2710 aves,
1637 2650 1827 2693 canes
1867 2629 1999 2693 sive
2038 2634 2255 2694 cetera
2298 2628 2667 2693 huiusmodi
2714 2630 3114 2696 curiositatis

551 2736 860 2803 animalia
905 2758 945 2800 a
992 2735 1284 2817 quolibet
1328 2734 1744 2799 nutriendum
1792 2737 1926 2800 sive
1972 2734 2465 2800 custodiendum
2501 2735 2569 2798 in
2616 2735 3112 2820 detractionem,

549 2844 749 2909 vestri
797 2842 1040 2908 ordinis
1087 2841 1414 2924 suscipere
1459 2843 1871 2924 presumatis,
1964 2841 2169 2908 Porro
2224 2848 2299 2906 ut
2353 2842 2636 2926 quietius
2692 2841 2812 2907 deo
2870 2845 3114 2910 servire

550 2949 855 3034 possitis²
901 2954 968 3012 et
1013 2946 1417 3012 discurrendi
1448 2969 1489 3013 a
1531 2948 1716 3013 vobis
1762 2949 2118 3014 necessitas
2156 2948 2507 3031 auferatur,
2545 2950 2831 3032 presenti
2868 2952 3112 3035 scripto

551 3056 851 3121 duximus
881 3054 1364 3138 indulgendum,
1412 3061 1504 3137 ut,
1554 3057 1610 3119 si
1657 3056 1975 3139 episcopis
2021 3057 2255 3121 vestris
2293 3061 2407 3120 aut
2443 3056 2772 3121 maliciose
2809 3055 3109 3122 differen-

548 3160 724 3226 tibus
788 3161 891 3225 vel
952 3183 1071 3244 pro
1136 3161 1308 3226 iusto
1382 3162 1843 3245 impedimento
1906 3185 2037 3229 non
2099 3163 2464 3228 valentibus
2530 3163 2978 3229 ordinaciones
3047 3171 3111 3228 et

551 3273 770 3332 cetera
827 3268 1267 3333 ecclesiastica
1321 3269 1685 3333 ministeria
1747 3267 1929 3334 vobis
1996 3269 2287 3335 conferre
2361 3269 2643 3352 aliquem
2709 3270 3104 3354 episcopum,

550 3375 629 3439 de
678 3375 864 3439 cuius
910 3374 1325 3439 ordinacione
1373 3381 1438 3440 et
1484 3375 1689 3441 offitio
1736 3377 1930 3459 plena
1976 3377 2062 3441 sit
2097 3375 2281 3442 vobis
2318 3377 2579 3459 noticia,
2626 3376 2950 3460 hospitem
2994 3398 3105 3442 vos

548 3479 792 3546 habere
839 3482 1201 3565 contigerit,
1248 3481 1523 3547 liberum
1573 3483 1660 3547 sit
1703 3483 1887 3547 vobis
1936 3483 2018 3547 ab
2067 3504 2141 3548 eo
2181 3488 2248 3547 et
2283 3483 2730 3549 ordinaciones
2775 3489 2843 3547 et
2889 3488 3106 3548 cetera

550 3591 958 3652 sacramenta
1006 3588 1364 3671 suscipere,
1428 3588 1580 3653 dum
1637 3594 1855 3653 tamen
1909 3590 2336 3672 preiudicium
2391 3589 2753 3672 dyocesano
2802 3590 3103 3675 episcopo

548 3717 677 3759 non
737 3693 976 3758 debeat
1029 3695 1344 3777 generari.
1447 3695 1758 3761 Preterea
1813 3695 2250 3779 postulatione
2306 3702 2523 3761 vestra
2578 3695 2961 3761 clementius
3010 3697 3100 3759 in-

549 3800 776 3864 clinati
821 3801 1108 3884 presenti
1153 3801 1392 3884 pagina
1439 3800 1740 3865 duximus
1786 3801 2229 3883 inhibendum,
2276 3824 2356 3867 ne
2394 3803 2539 3885 quis
2580 3802 3100 3887 archiepiscopus

547 3907 648 3971 vel
704 3907 1044 3990 episcopus
1101 3914 1216 3972 aut
1274 3929 1495 3972 eorum
1550 3907 1848 3973 officialis
1904 3907 2210 3973 ecclesias
2276 3915 2526 3975 vestras
2592 3931 2708 3975 seu
2769 3912 3098 3992 regulares

547 4035 856 4097 personas
914 4035 1139 4079 earum
1195 4014 1441 4098 absque
1496 4014 1843 4081 manifesta
1898 4021 1965 4080 et
2016 4015 2389 4081 rationabili
2453 4038 2651 4081 causa
2712 4017 3095 4082 interdicere

549 4141 664 4186 seu
695 4120 1088 4203 suspendere
1119 4127 1471 4204 presumat.
1557 4120 1685 4187 Sed
1719 4123 1775 4186 si
1814 4123 1970 4205 quid
2001 4123 2068 4187 in
2115 4124 2208 4187 eis
2254 4122 2452 4188 fuerit
2497 4123 2967 4206 corrigendum,
3015 4123 3092 4189 ad

548 4227 952 4298 audienciam
978 4228 1298 4310 generalis
1337 4229 1603 4312 capituli
1633 4228 2255 4295 Premonstratensis
2293 4228 2614 4295 referatur
2652 4236 2717 4295 et
2753 4230 2865 4312 ibi,
2905 4235 3092 4315 prout

545 4334 800 4399 iusticie
847 4340 913 4399 et
956 4335 1285 4400 honestati
1332 4336 1727 4418 congruerit,
1787 4336 2181 4401 emendetur.
2285 4335 2489 4402 Porro
2547 4337 2604 4424 si
2651 4339 2762 4421 qui
2809 4337 3087 4422 episcopi

725 4585 744 4617 ¹
781 4585 801 4637 i
836 4584 1108 4640 zwischen
1131 4586 1190 4638 in
1214 4585 1329 4638 und
1354 4603 1492 4655 quas
1516 4603 1627 4641 von
1652 4586 1886 4641 anderer
1909 4585 2077 4639 Hand
2114 4587 2215 4640 mit
2252 4587 2550 4642 dunklerer
2574 4586 2741 4642 Tinte
2778 4589 3080 4660 eingesetzt.

548 4673 569 4706 ²
604 4674 729 4730 Von
765 4674 997 4730 anderer
1032 4674 1201 4729 Hand
1240 4676 1341 4728 mit
1377 4674 1674 4730 dunklerer
1709 4674 1876 4729 Tinte
1912 4692 2013 4731 aus
2048 4678 2276 4746 potestis
2312 4675 2623 4748 korrigiert.
