3242 5184
1265 315 1688 375 —49A-

208 490 511 571 reamque
560 509 629 552 se
676 487 890 551 divino
936 487 1168 553 iuditio
1216 490 1493 553 existere
1550 488 1629 552 de
1675 493 2053 573 perpetrata
2099 489 2443 572 iniquitate
2490 510 2755 572 cognos-

208 600 313 658 cat
356 599 423 659 et
468 615 509 659 a
556 593 994 659 sacratissimo
1043 616 1309 678 corpore
1358 601 1423 659 et
1469 596 1780 678 sanguine
1813 595 1918 660 dei
1949 602 2016 661 et
2046 595 2291 662 domini
2326 596 2753 679 redemptoris

206 702 408 766 nostri
461 701 510 766 J
512 723 629 766 esu
674 698 915 764 Christi
963 701 1174 765 aliena
1236 702 1354 766 fiat
1400 709 1595 784 atque
1651 703 1718 766 in
1768 709 2054 769 extremo
2120 702 2414 767 examine
2470 703 2761 794 districte

205 807 539 872 subiaceat
583 807 834 872 ultioni.
929 806 1194 873 Cunctis
1256 815 1475 873 autem
1533 808 1741 873 eidem
1796 810 1938 875 loco
1987 832 2106 874 sua
2158 811 2303 875 iura
2350 809 2759 874 servantibus

203 913 287 978 sit
328 936 460 997 pax
508 914 751 980 domini
796 914 844 979 J
846 935 960 978 esu
1007 914 1267 997 Christi,
1317 922 1636 998 quatenus
1685 923 1751 980 et
1794 916 1899 980 hic
1945 916 2226 981 fructum
2273 916 2439 981 bone
2488 918 2760 982 actionis

198 1022 566 1106 percipiant
612 1028 678 1086 et
722 1021 894 1105 apud
942 1022 1305 1087 districtum
1345 1023 1620 1087 iudicem
1651 1025 1902 1108 premia
1932 1030 2151 1089 eterne
2199 1025 2377 1107 pacis
2409 1024 2758 1088 inveniant.

199 1128 431 1193 Amen.
525 1129 736 1193 Amen
772 1179 785 1193 .
824 1179 837 1193 .

469 1342 758 1407 Abbati
836 1343 1549 1409 Premonstratensi
1644 1351 1718 1409 et
1800 1346 2080 1410 ceteris
2165 1345 2350 1410 coab
2389 1349 2414 1430 Η
2447 1345 2758 1413 batibus

564 1455 638 1513 et
702 1451 1094 1515 canonicis
1158 1451 1915 1516 Premonstratensis
1983 1451 2278 1516 ordinis
2360 1457 2511 1517 tam
2593 1474 2760 1536 pre-

563 1557 911 1621 sentibus
959 1579 1180 1639 quam
1222 1563 1247 1643 Η
1293 1558 1575 1623 futuris
1620 1558 2066 1641 religiosam
2115 1559 2346 1623 vitam
2384 1559 2759 1642 professis

557 1665 1116 1749 inperpetuum.

374 1825 458 1890 In
525 1826 830 1890 eminenti
895 1827 1249 1910 apostolice
1305 1826 1475 1896 sedis
1533 1827 1797 1910 specula
1849 1827 2003 1892 licet
2046 1828 2331 1892 inmeriti
2381 1827 2759 1910 disponente

196 1934 459 1999 domino
510 1933 844 1998 constituti
890 1956 1007 2016 pro
1055 1933 1454 2015 singulorum
1493 1939 1670 1998 statu
1708 1934 1969 1999 solliciti
2015 1956 2156 2000 esse
2205 1934 2649 2018 compellimur
2695 1941 2761 1999 et

197 2060 275 2104 ea
329 2041 583 2104 sincere
647 2046 942 2105 tenemur
1005 2041 1328 2123 amplecti,
1378 2061 1503 2122 que
1570 2040 1654 2104 ad
1716 2042 2182 2106 incrementum
2231 2042 2560 2124 religionis
2615 2063 2757 2124 per-

195 2148 411 2212 tinent
478 2153 545 2210 et
609 2146 692 2210 ad
756 2148 1067 2212 virtutum
1132 2153 1429 2230 spectant
1501 2153 1840 2229 ornatum,
1924 2149 2228 2229 quatinus
2309 2149 2757 2230 religiosorum

198 2255 383 2336 quies
432 2253 519 2318 ab
567 2254 739 2319 omni
788 2254 874 2318 sit
918 2236 1417 2338 perturbacione
1465 2274 1697 2318 secura
1743 2260 1809 2318 et
1847 2276 1886 2318 a
1930 2255 2079 2336 iugo
2125 2254 2449 2319 mundane
2495 2275 2756 2337 oppres-

197 2362 399 2426 sionis
435 2366 726 2425 servetur
756 2361 963 2442 illesa,
998 2382 1143 2425 cum
1177 2361 1533 2443 apostolica
1579 2360 1776 2425 fuerit
1819 2361 2094 2426 tuitione
2143 2362 2441 2427 munital.
2525 2364 2756 2427 Atten-

198 2467 429 2533 dentes
474 2468 718 2551 itaque,
768 2468 1087 2550 quomodo
1133 2468 1361 2550 religio
1408 2473 1474 2532 et
1505 2467 1662 2533 ordo
1700 2474 1914 2532 vester
1949 2468 2156 2532 multa
2189 2468 2513 2552 refulgens
2550 2470 2759 2552 gloria

196 2576 581 2639 meritorum
629 2581 694 2640 et
737 2576 960 2657 gracia
995 2573 1293 2639 redolens
1333 2574 1699 2639 sanctitatis
1737 2575 2039 2657 palmites
2079 2597 2229 2640 suos
2271 2598 2310 2640 a
2345 2577 2510 2640 mari
2548 2597 2756 2658 usque

199 2681 276 2745 ad
325 2702 510 2747 mare
556 2680 939 2762 extenderit,
987 2680 1004 2769 Η
1049 2682 1263 2764 ipsum
1309 2682 1599 2746 ordinem
1656 2687 1723 2745 et
1783 2682 2117 2746 universas
2183 2681 2405 2748 domos
2468 2682 2757 2747 eiusdem
2793 2699 2913 2754 Fol.
2954 2705 3071 2755 27².

197 2788 444 2853 ordinis
512 2787 863 2871 apostolice
939 2788 1365 2870 proteccionis
1442 2787 1727 2872 presidio
1806 2787 2104 2852 duximus
2182 2787 2611 2854 confovendas
2689 2796 2756 2855 et

195 2896 487 2978 presenti
543 2894 877 2978 privilegio
925 2893 1324 2958 muniendas
1417 2895 1805 2978 Eapropter,
1873 2894 2094 2960 dilecti
2157 2896 2225 2959 in
2289 2896 2547 2961 domino
2612 2895 2751 2979 filij,

198 3004 434 3067 vestris
470 3003 659 3066 iustis
708 3000 1260 3085 postulacionibus
1307 3001 1649 3083 benignius
1682 3007 2038 3067 annuentes
2073 3002 2155 3066 ad
2189 3003 2518 3085 exemplar
2546 3002 2752 3067 felicis

195 3109 673 3175 recordacionis
719 3107 1094 3189 Alexandri,
1141 3107 1353 3190 Lucij,
1401 3107 1653 3173 Urbani
1699 3115 1766 3173 et
1820 3108 2167 3174 Clementis
2222 3109 2751 3193 predecessorum

195 3221 588 3297 nostrorum,
621 3215 1064 3282 Romanorum
1094 3210 1491 3297 pontificum,
1539 3216 1874 3280 universas
1921 3217 2254 3298 regulares
2301 3217 2749 3282 instituciones

197 3328 263 3387 et
300 3322 788 3406 disposicioneS,
838 3344 1001 3405 quas
1050 3321 1129 3386 de
1178 3323 1501 3386 communi
1539 3343 1859 3387 consensu
1902 3324 2005 3387 vel
2050 3324 2314 3388 maioris
2362 3328 2429 3387 et
2474 3324 2749 3388 sanioris

196 3430 405 3511 partis
452 3428 719 3510 fecistiS,
771 3429 939 3493 sicut
969 3427 1239 3493 inferius
1271 3427 1681 3511 denotantur,
1731 3430 2120 3494 auctoritate
2155 3430 2516 3513 apostolica
2561 3428 2748 3496 robo-

195 3557 418 3600 ramus
485 3541 551 3599 et
613 3536 932 3619 presentis
1012 3535 1236 3617 scripti
1310 3535 1646 3618 privilegio
1723 3537 2228 3618 communimus,
2303 3536 2603 3600 videlicet
2677 3542 2751 3600 ut

199 3642 355 3708 ordo
409 3642 787 3723 canonicuS,
848 3641 1392 3724 quemadmodum
1437 3643 1506 3705 in
1551 3643 2144 3708 Premonstratensi
2204 3643 2478 3708 ecclesia
2525 3664 2748 3707 secun-

198 3747 347 3822 dum
396 3749 574 3813 beati
623 3748 974 3831 Augustini
1023 3749 1317 3830 regulam
1367 3754 1434 3815 et
1483 3748 1982 3832 disposicionem
2042 3749 2382 3815 recolende
2442 3750 2748 3814 memorie

197 3853 561 3942 N[orberti]
602 3854 926 3938 quondam
966 3855 1590 3920 Premonstratensis
1633 3856 1877 3921 ordinis
1918 3857 2309 3921 institutoris
2376 3862 2441 3920 et
2497 3877 2747 3920 succes·

201 3983 416 4027 sorum
450 3984 713 4028 suorum
744 3964 811 4026 in
843 3961 1116 4027 candido
1150 3963 1379 4027 habitu
1410 3963 1747 4027 institutus
1782 3984 1922 4028 esse
1957 3963 2328 4044 dinoscitur,
2378 3984 2496 4046 per
2525 3985 2747 4028 omnes

121 4132 136 4143 ,
202 4069 487 4134 eiusdem
513 4052 778 4134 ‘ordinis
826 4068 1131 4134 ecclesias
1177 4070 1508 4153 perpetuis
1555 4069 1957 4153 temporibus
2013 4069 2473 4135 inviolabiliter
2528 4069 2746 4133 obser-

201 4182 382 4240 vetur
429 4182 495 4240 et
540 4175 763 4240 eedem
808 4176 1066 4259 penitus
1115 4176 1543 4257 observantie,
1592 4175 1789 4259 ijdem
1836 4198 2093 4258 quoque
2139 4177 2311 4257 libri,
2362 4176 2473 4258 qui
2522 4176 2605 4240 ad
2652 4175 2745 4238 di-

202 4282 415 4347 vinum
463 4281 738 4348 offitium
783 4283 1138 4366 pertinent,
1198 4283 1280 4347 ab
1342 4282 1639 4347 omnibus
1696 4282 1984 4347 eiusdem
2041 4283 2285 4349 ordinis
2343 4281 2747 4347 uniformiter

202 4393 543 4454 teneantur
596 4410 715 4453 nec
770 4389 990 4472 aliqua
1046 4389 1319 4455 ecclesia
1373 4389 1474 4453 vel
1529 4410 1809 4471 persona
1874 4389 2114 4454 ordinis
2176 4390 2376 4454 vestri
2434 4388 2744 4453 adversus

376 4588 395 4619 ¹
431 4595 542 4640 Am
579 4585 797 4640 Raude:
854 4604 983 4640 non
1036 4604 1294 4656 semper
1340 4586 1544 4640 datur
1588 4604 1706 4639 nec
1752 4586 1958 4641 facile
2004 4588 2137 4640 nisi
2184 4587 2743 4659 capitipropter:

205 4670 367 4730 Sane
404 4675 728 4730 laborum.

302 4781 477 4833 Eunus,
505 4781 672 4822 Theod.
702 4781 758 4821 de
787 4782 947 4832 Nyem.
2287 4768 2319 4814 4
