3242 5184
1235 329 1325 336 —
1421 291 1542 353 137
1636 327 1727 341 —-·-

476 466 587 531 Ad
633 467 851 532 idem.
1286 428 1291 434 ¹

386 608 553 674 Item
611 609 999 674 tenebantur
1053 610 1397 694 scriptores
1453 633 1621 694 pape
1677 611 2087 676 examinandi
2142 633 2259 696 per
2303 608 2761 678 vicecancella-

208 717 376 780 rium
422 717 784 799 presentari
829 717 1123 814 notarijS‚
1172 717 1431 799 quando
1479 717 1560 782 de
1604 740 1768 783 novo
1816 717 2078 782 fiebant.

474 912 587 976 Ad
632 912 847 978 idem.

384 1055 553 1120 Item
619 1056 877 1138 quando
943 1057 1220 1139 scriptor
1284 1056 1519 1139 aliquis
1584 1057 1983 1139 negligenter
2047 1058 2147 1122 vel
2202 1058 2648 1124 inobedienter
2693 1082 2762 1125 se

206 1162 477 1246 gerebat
520 1165 588 1226 in
635 1163 837 1229 offitio
886 1186 1023 1245 suo,
1073 1164 1204 1227 sive
1252 1184 1407 1245 erga
1451 1163 2049 1229 vicecancellarium
2097 1165 2230 1229 sive
2271 1187 2425 1248 erga
2456 1167 2762 1249 notarioS,

207 1269 727 1353 suspendebatur
802 1270 885 1336 ab
962 1270 1165 1336 offitio
1242 1271 1406 1334 citra
1462 1270 2007 1363 ‘ammonitionem
2084 1270 2351 1337 totalem
2427 1271 2527 1336 vel
2597 1272 2762 1336 alias

204 1377 598 1462 puniebatur
651 1377 736 1442 ad
791 1375 1147 1460 simplicem
1205 1376 1767 1442 denuntiacionem
1821 1378 2055 1461 notarij
2114 1400 2232 1461 pro
2279 1378 2550 1444 arbitrio
2597 1379 2764 1444 vice-

205 1484 598 1568 cancellarij.

474 1681 587 1747 Ad
632 1680 847 1746 idem.

384 1825 553 1890 Item
607 1823 995 1888 tenebantur
1041 1830 1106 1888 et
1149 1829 1452 1888 tenentur
1506 1825 1854 1908 scriptores
1911 1824 2193 1889 scribere
2254 1826 2457 1907 gratis
2510 1824 2764 1891 litteras

203 1955 322 2015 pro
355 1932 647 2015 personis
681 1931 1097 2012 notariorum,
1130 1931 1405 1995 fratrum
1453 1938 1518 1994 et
1562 1937 1868 2014 nepotum
1901 1928 2183 2012 suorum,
2233 1937 2299 1994 et
2329 1954 2443 2014 pro
2476 1938 2764 2014 regestro

204 2039 289 2104 ab
339 2039 584 2103 eisdem
629 2037 825 2101 nichil
874 2037 1013 2101 dari
1062 2038 1415 2102 consuevit.
1508 2037 1675 2102 Item
1731 2044 2033 2103 tenentur
2084 2038 2337 2102 litteras
2387 2039 2592 2103 factas
2640 2039 2763 2103 sibi

201 2145 622 2210 recribendas
661 2145 864 2227 gratis
899 2144 1031 2207 sive
1064 2164 1179 2226 per
1224 2166 1453 2208 manus
1502 2144 1732 2228 notarij
1794 2153 1907 2209 seu
1964 2144 2487 2210 abbreviator-um
2535 2146 2763 2210 rescri-

202 2252 362 2317 bere
393 2253 532 2316 sine
564 2252 785 2333 aliqua
833 2249 1161 2331 dilatione,
1208 2242 1623 2334 preponendo
1672 2272 1781 2317 eas
1830 2251 2126 2318 omnibus
2174 2251 2341 2335 alijs,
2391 2253 2516 2316 nisi
2549 2260 2766 2317 essent

203 2359 466 2441 negotia
512 2359 707 2439 curie,
757 2378 951 2441 super
996 2357 1117 2422 hoc
1164 2356 1481 2424 credendo
1530 2357 1909 2441 simpliciter
1955 2359 2196 2442 scripto
2238 2381 2352 2423 seu
2384 2359 2765 2424 correctioni

201 2466 438 2550 notarij
489 2465 589 2530 vel
636 2464 1125 2530 abbreviatoris

472 2662 584 2727 Ad
631 2661 845 2725 idem.

381 2804 550 2869 Item
606 2805 803 2869 etiam
859 2803 1226 2870 huiusmodi
1282 2803 1499 2869 littere
1553 2804 1964 2869 rescribende
2012 2812 2481 2871 consueverunt
2524 2804 2766 2870 bullari
2816 2823 3082 2878 F01‚71⁸‚

199 2915 430 2997 gratis.

471 3108 585 3174 Ad
630 3109 846 3173 idem.

381 3252 550 3318 Item
595 3253 662 3316 in
709 3252 962 3335 signum
1015 3251 1502 3334 iurisdictioniS,
1557 3239 1753 3334 quam
1808 3251 2053 3317 habent
2095 3252 2662 3318 vicecancellarius
2700 3259 2768 3318 et

201 3359 438 3443 notarij
496 3360 565 3423 in
620 3359 989 3442 scriptores,
1046 3360 1378 3424 consuevit
1428 3358 1993 3424 vicecancellarius
2048 3359 2257 3441 primo
2304 3382 2422 3443 pro
2459 3360 2598 3424 vice
2646 3381 2767 3424 sua

202 3473 270 3532 et
314 3472 545 3550 postea
591 3465 866 3548 quilibet
918 3467 1208 3530 notarius
1259 3467 1618 3530 successive
1665 3487 1782 3549 per
1840 3486 1909 3530 se
1965 3487 2164 3530 unum
2213 3464 2292 3530 de
2340 3465 2764 3550 scriptoribus

202 3574 418 3639 facere
451 3572 935 3638 distributorem
968 3579 1266 3638 notarum
1298 3572 1803 3656 grossandarum
1834 3571 2224 3655 generalem,
2274 3574 2455 3637 cuius
2489 3573 2763 3637 offitium

203 3680 400 3746 durat
442 3701 557 3763 per
586 3679 683 3744 VI
725 3700 1023 3770 menseS,
1049 3686 1115 3744 et
1144 3681 1255 3762 qui
1286 3680 1486 3745 habet
1515 3685 1743 3744 taxare
1788 3679 2157 3761 grossatas1
2198 3679 2551 3744 secundum
2583 3686 2763 3745 taxa-

202 3789 445 3853 tionem
503 3787 839 3868 antiquam
893 3784 995 3850 vel
1050 3785 1566 3851 consideratione
1620 3787 1826 3871 ipsius
1880 3785 2135 3867 habita,
2194 3787 2250 3850 si
2294 3787 2514 3854 littera
2560 3787 2767 3856 maior

200 3894 303 3960 vel
350 3894 561 3959 minor
606 3897 923 3962 occurrat.

471 4108 585 4174 Ad
630 4109 846 4173 idem.

383 4252 551 4317 Item
588 4252 1156 4318 vicecancellarius
1187 4275 1304 4338 per
1335 4276 1404 4319 se
1436 4253 1650 4337 ipsum
1682 4254 1841 4318 facit
1870 4260 2125 4319 tantum
2155 4253 2760 4319 rescribendarium.

203 4358 553 4425 Consuevit
598 4365 814 4424 autem
869 4358 1111 4425 habere
1173 4360 1562 4426 cancellaria
1614 4362 1682 4425 in
1738 4360 2299 4445 procurationibus
2348 4366 2414 4424 et
2459 4361 2762 4443 ensenijS,

203 4471 521 4550 quantum
583 4465 829 4532 habent
894 4466 1020 4533 duo
1086 4467 1470 4551 cardinaleS,
1538 4473 1604 4534 et
1668 4468 1747 4536 de
1808 4467 2283 4555 provisionibus
2340 4467 2761 4558 prelatorum,

386 4663 406 4699 ¹
441 4662 676 4722 Hdschr.
713 4670 1005 4740 grossatos.
