3242 5184
1227 309 1315 318 --
1408 265 1534 333 209
1624 285 1752 316 -—-'

192 446 492 511 dominus
525 452 762 528 noster,
804 446 978 529 quod
1011 470 1052 511 a
1084 446 1188 511 die
1232 447 1642 529 receptionis,
1685 443 1993 510 videlicet·
2013 441 2300 508 XXVII.
2333 441 2504 526 Iunij
2539 444 2749 526 ponti-

191 551 418 618 ficatus
454 554 557 618 sui
603 576 772 619 anno
820 554 1067 637 quinto,
1113 553 1387 619 haberet
1431 553 1645 618 locum
1690 554 1758 615 in
1806 551 2208 632 consistoriO,
2255 550 2524 634 perinde
2572 571 2650 615 ac
2696 550 2751 615 si

192 660 417 726 eadem
468 660 574 727 die
619 662 900 727 iurasset
946 661 1248 726 officium.

364 768 501 833 Die
530 767 610 833 V.
645 767 947 834 Octobris
978 775 1277 852 receptus
1309 768 1434 833 fuit
1462 770 1559 854 (in-
1591 767 2002 852 advocatum)
2047 766 2357 848 magister
2384 763 2752 830 Willelmus

191 874 267 940 de
311 875 684 940 Dwirstede
729 876 797 939 in
845 875 1229 941 advocatum
1275 875 1790 948 consistorialem
1838 880 1903 938 et
1946 872 2200 937 iuravit.

363 983 496 1047 Die
540 981 834 1047 XXIIII.
883 984 1123 1048 mensis
1170 983 1325 1065 Maij
1395 1002 1563 1047 anno
1631 981 1873 1046 domini
1935 980 2143 1044 nostri
2206 978 2450 1043 domini
2502 975 2753 1044 Urbani

189 1109 353 1171 pape
384 1086 508 1154 VI.
542 1088 958 1173 pontificatus
1005 1090 1106 1154 sui
1153 1096 1335 1155 sexto
1381 1087 1507 1153 fuit
1548 1095 1850 1172 receptus
1894 1088 1962 1151 in
2009 1087 2395 1152 advocatum
2441 1086 2754 1150 consisto-

191 1196 422 1261 rialem
471 1196 784 1279 magister
827 1195 1159 1261 Luchinus
1207 1196 1287 1261 de
1333 1195 1721 1277 Mediolano,
1767 1195 1983 1277 legum
2029 1194 2273 1259 doctor.

363 1303 496 1369 Die
578 1301 898 1368 XXVIII.
965 1302 1231 1386 Martij
1262 1302 1386 1367 fuit
1456 1308 1755 1385 receptus
1834 1302 1902 1365 in
1982 1300 2366 1365 advocatum
2442 1298 2754 1363 consisto-

180 1409 416 1474 rialem
463 1410 774 1493 magister
808 1409 1088 1475 Michael
1125 1409 1330 1493 Cages
1377 1409 1458 1542 de
1504 1410 1762 1492 Anglia‚
1809 1408 2148 1490 utriusque
2193 1407 2352 1471 iuris
2400 1406 2643 1488 doctor,
2692 1410 2757 1470 et

188 1516 448 1582 iuravit.

365 1625 498 1689 Die
547 1623 801 1690 XXIII.
835 1624 1075 1689 mensis
1115 1621 1498 1687 Novembris
1545 1621 1671 1686 fuit
1714 1627 2012 1703 receptus
2057 1621 2127 1684 in
2174 1619 2560 1685 advocatum
2606 1640 2754 1684 con-

188 1730 584 1795 sistorialem
629 1733 942 1814 magister
971 1730 1271 1795 Matheus
1319 1729 1400 1794 de
1448 1729 1620 1793 Pisis
1665 1736 1736 1793 et
1779 1728 2017 1793 iuravit
2060 1726 2474 1811 pontificatus
2504 1725 2756 1793 Urbani

193 1857 362 1919 pape
410 1837 530 1902 VI.
581 1858 749 1903 anno
798 1837 1092 1920 septimo.

251 1993 258 2000 .
370 1948 399 2029 ΙΙ
437 1943 562 2008 Die
600 1944 828 2010 ultimo
860 1944 1102 2009 mensis
1133 1942 1532 2026 Septembris
1565 1948 1864 2026 receptus
1896 1941 2021 2007 fuit
2062 1943 2131 2006 in
2178 1907 2561 2006 advocatum
2607 1961 2755 2007 con·
2795 1942 2913 1997 Fol
2957 1947 3106 1995 112·-

192 2051 588 2116 sistorialem
657 2057 723 2115 et
777 2051 1016 2116 iuravit
1085 2051 1381 2116 dominus
1433 2049 1811 2114 Dominicus
1871 2048 2198 2131 quondam
2242 2048 2434 2113 Pauli
2491 2047 2620 2134 [?]1
2676 2040 2756 2112 de

190 2154 490 2223 Viterbio
536 2156 950 2241 pontificatus
996 2157 1248 2223 Urbani
1294 2178 1466 2242 pape
1507 2155 1621 2221 VI.
1673 2176 1842 2220 anno
1888 2153 2102 2221 VIII.

367 2263 498 2329 Die
552 2263 655 2328 IX
708 2263 1093 2329 Novembris
1150 2270 1446 2347 receptus
1502 2263 1629 2328 fuit
1679 2264 1747 2327 in
1804 2261 2185 2328 advocatum
2240 2261 2756 2327 consistorialem

193 2376 256 2433 et
307 2371 555 2436 iuravit
599 2371 895 2436 dominus
950 2371 1366 2436 Primaticius
1423 2371 1503 2436 de
1567 2369 1963 2453 Primaticijs
2029 2368 2110 2433 de
2173 2355 2470 2434 Bononia
2532 2368 2758 2433 doctor

195 2476 616 2558 pontificatus
663 2479 1055 2542 sanctissimi
1103 2477 1345 2543 domini
1392 2477 1635 2542 domini
1679 2476 1930 2542 Urbani
1977 2498 2145 2540 anno
2192 2474 2416 2540 VHI⁰.

369 2584 625 2650 Eadem
657 2584 762 2650 die
806 2584 930 2649 fuit
973 2591 1272 2668 receptus
1321 2584 1402 2649 ad
1451 2583 1695 2649 dictum
1743 2582 2019 2648 offitium
2066 2588 2133 2648 et
2176 2583 2416 2648 iuravit
2460 2582 2757 2648 dominus

196 2688 430 2755 Nicola
473 2690 818 2774 Lanductij
871 2691 951 2757 de
996 2691 1518 2775 Aquapendenti,
1567 2689 1793 2754 doctor
1837 2690 2176 2772 utriusque
2220 2691 2399 2755 iuris.
2547 2701 2551 2705 ⁴

371 2796 745 2863 Ludovicus
777 2798 857 2862 de
888 2798 1145 2881 Bonito,
1193 2799 1599 2864 decretorum
1632 2797 1875 2877 doctor,
1924 2795 2086 2860 fuit-,2
2117 2803 2415 2879 receptus
2461 2797 2529 2861 in
2576 2796 2758 2861 audi-

195 2907 405 2969 torem
453 2904 623 2969 sacri
668 2905 892 2988 palatiJ'
945 2906 1048 2972 die
1093 2905 1255 2971 ΠΠ.
1303 2903 1706 2970 Decembris.
2045 2914 2048 2917 ’

375 3010 502 3075 Die
547 3009 766 3076 XVII.
814 3011 1100 3096 Ianuarij
1151 3012 1474 3078 Iohannes
1522 3011 1859 3092 Trefnant‚
1907 3010 2314 3076 decretorum
2361 3008 2605 3091 doctor,
2662 3030 2760 3074 re-

199 3125 427 3201 ceptus
473 3118 542 3181 in
588 3118 952 3184 auditorem
999 3120 1169 3183 sacri
1213 3120 1466 3203 palatiJ'.

379 3223 505 3290 Die
524 3223 777 3290 XVIII.
800 3225 1142 3309 Februarij
1167 3226 1492 3291 Iohannes
1513 3225 1593 3290 de
1614 3223 2050 3345 Gortenbeke‚
2072 3223 2480 3288 decretorum
2514 3223 2760 3304 doctor,

199 3337 500 3416 receptus
546 3333 613 3396 in
661 3329 1022 3398 auditorem
1069 3332 1239 3403 sacri
1284 3332 1534 3415 palatij.

390 3438 759 3504 Anthonius
792 3437 911 3504 Ser
955 3438 1400 3504 Franciescini
1447 3438 1527 3503 de
1573 3437 1851 3503 Perusia
1894 3436 2135 3502 iuravit
2180 3443 2246 3503 et
2292 3437 2417 3546 fuit
2460 3443 2762 3521 receptus

203 3542 310 3610 die
356 3543 675 3610 XXIIII⁰
716 3546 955 3611 mensis
1003 3545 1226 3628 Maij.3

383 3652 508 3716 Die
537 3651 823 3717 XXVII.
860 3654 1102 3717 mensis
1135 3650 1532 3736 Septembris
1565 3651 1810 3715 domini
1839 3650 2090 3717 Urbani
2122 3672 2290 3735 pape
2319 3651 2433 3718 VI.
2466 3674 2635 3717 anno
2668 3650 2765 3715 V⁰

206 3756 330 3823 fuit
375 3765 674 3842 receptus
721 3760 788 3823 in
836 3759 1200 3825 auditorem
1248 3766 1315 3825 et
1357 3759 1597 3823 iuravit
1632 3759 1943 3840 magister
1971 3758 2295 3823 Ricardus
2326 3759 2406 3823 de
2438 3758 2766 3824 Silvestris

209 3862 289 3929 de
336 3865 604 3931 Aversa.

386 3972 510 4037 Die
542 3973 754 4055 prima
784 3971 1086 4039 Octobris
1118 3973 1393 4056 predicti
1426 3974 1581 4037 anni
1619 3972 1919 4037 similiter
1962 3973 2085 4037 fuit
2111 3979 2446 4056 receptus·
2472 3973 2536 4037 in
2587 3971 2768 4036 audi-

182 4126 195 4140 .
210 4082 420 4144 torem
467 4086 534 4144 et
576 4081 817 4145 iuravit
860 4082 1173 4162 magister
1216 4080 1541 4145 Antonius
1590 4079 1671 4144 (16
1719 4079 2050 4144 Sulmona.

387 4186 512 4250 Die
542 4185 694 4251 VII.
728 4187 970 4251 mensis
1002 4187 1158 4270 Maij
1196 4208 1364 4251 anno
1399 4192 1580 4252 sexto
1614 4186 1739 4251 fuit
1768 4193 2066 4269 receptus
2098 4186 2409 4267 magister
2444 4185 2768 4251 Iohannes

215 4291 292 4356 de
338 4292 708 4357 Mediolano
754 4294 822 4356 in
869 4292 1233 4358 auditorem
1278 4293 1528 4377 palatij.

394 4541 808 4599 ¹Undeutlich.
867 4541 1205 4599 Verwischt.
1405 4543 1429 4574 ²
1464 4531 1998 4615 Ubergeschrieben.
2185 4543 2209 4574 ⁸
2242 4543 2353 4597 Am
2390 4543 2588 4598 Raude
2624 4543 2774 4597 links

218 4631 641 4703 nachgetragen.
2430 4644 2439 4650 ·

320 4738 498 4791 Eamne,
524 4739 690 4782 Theod.
719 4739 777 4781 de
804 4739 903 4791 Nye
903 4750 962 4779 m.
2281 4727 2346 4776 14
