<?xml version="1.0" encoding="UTF-8"?>
<!DOCTYPE html PUBLIC "-//W3C//DTD XHTML 1.0 Transitional//EN"
    "http://www.w3.org/TR/xhtml1/DTD/xhtml1-transitional.dtd">
<html xmlns="http://www.w3.org/1999/xhtml" xml:lang="en" lang="en">
 <head>
  <title>
</title>
<meta http-equiv="Content-Type" content="text/html;charset=utf-8" />
  <meta name='ocr-system' content='tesseract 3.04.00' />
  <meta name='ocr-capabilities' content='ocr_page ocr_carea ocr_par ocr_line ocrx_word'/>
</head>
<body>
  <div class='ocr_page' id='page_1' title='image "./derlibercancell00dietgoog_0080.png"; bbox 0 0 3242 5184; ppageno 0'>
   <div class='ocr_carea' id='block_1_1' title="bbox 226 3060 503 3118">
    <p class='ocr_par' dir='ltr' id='par_1_1' title="bbox 226 3060 503 3118">
     <span class='ocr_line' id='line_1_1' title="bbox 226 3060 503 3118; baseline 0 -3"><span class='ocrx_word' id='word_1_1' title='bbox 226 3062 342 3118; x_wconf 87' lang='lat' dir='ltr'>Fol.</span> <span class='ocrx_word' id='word_1_2' title='bbox 386 3060 503 3116; x_wconf 72' lang='lat' dir='ltr'>19b.</span> 
     </span>
    </p>
   </div>
   <div class='ocr_carea' id='block_1_2' title="bbox 1621 324 2051 388">
    <p class='ocr_par' dir='ltr' id='par_1_2' title="bbox 1621 324 2051 388">
     <span class='ocr_line' id='line_1_2' title="bbox 1621 324 2051 388; baseline 0 -18"><span class='ocrx_word' id='word_1_3' title='bbox 1621 324 2051 388; x_wconf 69' lang='grc'><strong>-36-</strong></span> 
     </span>
    </p>
   </div>
   <div class='ocr_carea' id='block_1_3' title="bbox 540 499 1790 4406">
    <p class='ocr_par' dir='ltr' id='par_1_3' title="bbox 540 499 1790 4406">
     <span class='ocr_line' id='line_1_3' title="bbox 547 499 1780 581; baseline 0.001 -18"><span class='ocrx_word' id='word_1_4' title='bbox 547 505 842 581; x_wconf 90' lang='lat' dir='ltr'>tempora</span> <span class='ocrx_word' id='word_1_5' title='bbox 889 499 1131 564; x_wconf 92' lang='lat' dir='ltr'>domini</span> <span class='ocrx_word' id='word_1_6' title='bbox 1177 499 1524 564; x_wconf 91' lang='lat' dir='ltr'>Iustiniani</span> <span class='ocrx_word' id='word_1_7' title='bbox 1556 506 1780 564; x_wconf 88' lang='lat' dir='ltr'>sancte</span> 
     </span>
     <span class='ocr_line' id='line_1_4' title="bbox 547 605 1776 689; baseline 0.001 -20"><span class='ocrx_word' id='word_1_8' title='bbox 547 605 1023 670; x_wconf 82' lang='lat' dir='ltr'>recordacionis</span> <span class='ocrx_word' id='word_1_9' title='bbox 1069 606 1353 687; x_wconf 77' lang='lat' dir='ltr'>Augusti</span> <span class='ocrx_word' id='word_1_10' title='bbox 1401 607 1776 689; x_wconf 90' lang='lat' dir='ltr'>episcopum</span> 
     </span>
     <span class='ocr_line' id='line_1_5' title="bbox 546 712 1774 777; baseline 0 -1"><span class='ocrx_word' id='word_1_11' title='bbox 546 712 779 776; x_wconf 90' lang='lat' dir='ltr'>habuit</span> <span class='ocrx_word' id='word_1_12' title='bbox 836 712 1018 777; x_wconf 90' lang='lat' dir='ltr'>nulla</span> <span class='ocrx_word' id='word_1_13' title='bbox 1072 712 1173 776; x_wconf 87' lang='lat' dir='ltr'>vel</span> <span class='ocrx_word' id='word_1_14' title='bbox 1229 712 1461 776; x_wconf 89' lang='lat' dir='ltr'>saltem</span> <span class='ocrx_word' id='word_1_15' title='bbox 1517 712 1774 776; x_wconf 89' lang='lat' dir='ltr'>modica</span> 
     </span>
     <span class='ocr_line' id='line_1_6' title="bbox 548 819 1769 902; baseline 0.002 -20"><span class='ocrx_word' id='word_1_16' title='bbox 548 819 885 901; x_wconf 78' lang='lat' dir='ltr'>dignitatis</span> <span class='ocrx_word' id='word_1_17' title='bbox 914 821 1328 902; x_wconf 88' lang='lat' dir='ltr'>prerogativa</span> <span class='ocrx_word' id='word_1_18' title='bbox 1358 819 1769 902; x_wconf 79' lang='lat' dir='ltr'><strong>gaudentem.</strong></span> 
     </span>
     <span class='ocr_line' id='line_1_7' title="bbox 544 926 1773 1010; baseline 0.001 -21"><span class='ocrx_word' id='word_1_19' title='bbox 544 926 863 1010; x_wconf 83' lang='lat' dir='ltr'>Tempore</span> <span class='ocrx_word' id='word_1_20' title='bbox 927 947 1079 991; x_wconf 87' lang='lat' dir='ltr'>vero</span> <span class='ocrx_word' id='word_1_21' title='bbox 1147 926 1303 989; x_wconf 91' lang='lat' dir='ltr'>dicti</span> <span class='ocrx_word' id='word_1_22' title='bbox 1369 926 1489 991; x_wconf 91' lang='lat' dir='ltr'>deo</span> <span class='ocrx_word' id='word_1_23' title='bbox 1550 926 1773 990; x_wconf 91' lang='lat' dir='ltr'>dilecti</span> 
     </span>
     <span class='ocr_line' id='line_1_8' title="bbox 543 1032 1768 1116; baseline 0.001 -21"><span class='ocrx_word' id='word_1_24' title='bbox 543 1032 853 1116; x_wconf 89' lang='lat' dir='ltr'>principis</span> <span class='ocrx_word' id='word_1_25' title='bbox 902 1039 1293 1115; x_wconf 89' lang='lat' dir='ltr'>congregata</span> <span class='ocrx_word' id='word_1_26' title='bbox 1339 1038 1440 1096; x_wconf 89' lang='lat' dir='ltr'>est</span> <span class='ocrx_word' id='word_1_27' title='bbox 1487 1033 1768 1115; x_wconf 84' lang='lat' dir='ltr'>synodus</span> 
     </span>
     <span class='ocr_line' id='line_1_9' title="bbox 542 1138 1767 1223; baseline 0.001 -20"><span class='ocrx_word' id='word_1_28' title='bbox 542 1139 864 1221; x_wconf 89' lang='lat' dir='ltr'>generalis</span> <span class='ocrx_word' id='word_1_29' title='bbox 921 1139 1094 1222; x_wconf 88' lang='lat' dir='ltr'>apud</span> <span class='ocrx_word' id='word_1_30' title='bbox 1141 1138 1767 1223; x_wconf 78' lang='lat' dir='ltr'>Constantinopolim</span> 
     </span>
     <span class='ocr_line' id='line_1_10' title="bbox 542 1245 1763 1329; baseline 0 -20"><span class='ocrx_word' id='word_1_31' title='bbox 542 1251 832 1329; x_wconf 91' lang='lat' dir='ltr'>tempore</span> <span class='ocrx_word' id='word_1_32' title='bbox 866 1246 1106 1310; x_wconf 91' lang='lat' dir='ltr'>domini</span> <span class='ocrx_word' id='word_1_33' title='bbox 1141 1245 1360 1329; x_wconf 87' lang='lat' dir='ltr'>Vigilij</span> <span class='ocrx_word' id='word_1_34' title='bbox 1397 1267 1584 1328; x_wconf 89' lang='lat' dir='ltr'>pape,</span> <span class='ocrx_word' id='word_1_35' title='bbox 1633 1246 1763 1311; x_wconf 87' lang='lat' dir='ltr'>Eu-</span> 
     </span>
     <span class='ocr_line' id='line_1_11' title="bbox 543 1352 1769 1435; baseline 0 -20"><span class='ocrx_word' id='word_1_36' title='bbox 543 1352 676 1435; x_wconf 90' lang='lat' dir='ltr'>ticij</span> <span class='ocrx_word' id='word_1_37' title='bbox 738 1352 1466 1435; x_wconf 83' lang='lat' dir='ltr'>Constantinopolitani,</span> <span class='ocrx_word' id='word_1_38' title='bbox 1522 1353 1769 1435; x_wconf 91' lang='lat' dir='ltr'>Appol-</span> 
     </span>
     <span class='ocr_line' id='line_1_12' title="bbox 540 1458 1768 1542; baseline 0 -20"><span class='ocrx_word' id='word_1_39' title='bbox 540 1459 753 1542; x_wconf 88' lang='lat' dir='ltr'>linarij</span> <span class='ocrx_word' id='word_1_40' title='bbox 803 1459 1266 1540; x_wconf 84' lang='lat' dir='ltr'>Alexandrini,</span> <span class='ocrx_word' id='word_1_41' title='bbox 1325 1458 1588 1524; x_wconf 90' lang='lat' dir='ltr'>Domini</span> <span class='ocrx_word' id='word_1_42' title='bbox 1635 1461 1768 1522; x_wconf 90' lang='lat' dir='ltr'>An-</span> 
     </span>
     <span class='ocr_line' id='line_1_13' title="bbox 541 1565 1767 1653; baseline -0.002 -23"><span class='ocrx_word' id='word_1_43' title='bbox 541 1566 856 1648; x_wconf 90' lang='lat' dir='ltr'>thioceni,</span> <span class='ocrx_word' id='word_1_44' title='bbox 910 1565 1324 1653; x_wconf 84' lang='lat' dir='ltr'>[Eustochi]1</span> <span class='ocrx_word' id='word_1_45' title='bbox 1362 1565 1767 1631; x_wconf 87' lang='lat' dir='ltr'>Ierosolomi-</span> 
     </span>
     <span class='ocr_line' id='line_1_14' title="bbox 543 1672 1767 1757; baseline -0.001 -21"><span class='ocrx_word' id='word_1_46' title='bbox 543 1675 682 1737; x_wconf 86' lang='lat' dir='ltr'>tani</span> <span class='ocrx_word' id='word_1_47' title='bbox 757 1673 1278 1757; x_wconf 90' lang='lat' dir='ltr'>patriarcharum</span> <span class='ocrx_word' id='word_1_48' title='bbox 1355 1672 1473 1736; x_wconf 90' lang='lat' dir='ltr'>sub</span> <span class='ocrx_word' id='word_1_49' title='bbox 1556 1672 1767 1736; x_wconf 90' lang='lat' dir='ltr'>tribus</span> 
     </span>
     <span class='ocr_line' id='line_1_15' title="bbox 543 1778 1765 1862; baseline -0.002 -19"><span class='ocrx_word' id='word_1_50' title='bbox 543 1780 866 1862; x_wconf 86' lang='lat' dir='ltr'>capitulis,</span> <span class='ocrx_word' id='word_1_51' title='bbox 914 1779 1216 1843; x_wconf 90' lang='lat' dir='ltr'>videlicet</span> <span class='ocrx_word' id='word_1_52' title='bbox 1263 1779 1520 1861; x_wconf 91' lang='lat' dir='ltr'>scriptis</span> <span class='ocrx_word' id='word_1_53' title='bbox 1558 1778 1765 1842; x_wconf 86' lang='lat' dir='ltr'>Theo-</span> 
     </span>
     <span class='ocr_line' id='line_1_16' title="bbox 544 1885 1765 1969; baseline -0.001 -20"><span class='ocrx_word' id='word_1_54' title='bbox 544 1886 753 1950; x_wconf 91' lang='lat' dir='ltr'>doreti</span> <span class='ocrx_word' id='word_1_55' title='bbox 793 1885 978 1969; x_wconf 85' lang='lat' dir='ltr'>Cyoti</span> <span class='ocrx_word' id='word_1_56' title='bbox 993 1886 1037 1966; x_wconf 80' lang='lat'>2,</span> <span class='ocrx_word' id='word_1_57' title='bbox 1072 1887 1228 1949; x_wconf 91' lang='lat' dir='ltr'>item</span> <span class='ocrx_word' id='word_1_58' title='bbox 1261 1886 1520 1967; x_wconf 89' lang='lat' dir='ltr'>scriptis</span> <span class='ocrx_word' id='word_1_59' title='bbox 1559 1885 1765 1949; x_wconf 83' lang='lat' dir='ltr'>Theo-</span> 
     </span>
     <span class='ocr_line' id='line_1_17' title="bbox 542 1993 1770 2076; baseline -0.002 -19"><span class='ocrx_word' id='word_1_60' title='bbox 542 1994 683 2073; x_wconf 89' lang='lat' dir='ltr'>dori</span> <span class='ocrx_word' id='word_1_61' title='bbox 736 1993 1129 2076; x_wconf 87' lang='lat' dir='ltr'>Mopsvestie</span> <span class='ocrx_word' id='word_1_62' title='bbox 1189 1993 1638 2074; x_wconf 88' lang='lat' dir='ltr'>episcoporum</span> <span class='ocrx_word' id='word_1_63' title='bbox 1704 1999 1770 2055; x_wconf 94' lang='lat' dir='ltr'>et</span> 
     </span>
     <span class='ocr_line' id='line_1_18' title="bbox 543 2098 1763 2183; baseline -0.002 -19"><span class='ocrx_word' id='word_1_64' title='bbox 543 2099 819 2183; x_wconf 91' lang='lat' dir='ltr'>epistola</span> <span class='ocrx_word' id='word_1_65' title='bbox 856 2099 1030 2164; x_wconf 88' lang='lat' dir='ltr'>Hibe</span> <span class='ocrx_word' id='word_1_66' title='bbox 1078 2099 1161 2163; x_wconf 88' lang='lat' dir='ltr'>ad</span> <span class='ocrx_word' id='word_1_67' title='bbox 1199 2099 1434 2162; x_wconf 87' lang='lat' dir='ltr'>Marim</span> <span class='ocrx_word' id='word_1_68' title='bbox 1471 2098 1763 2162; x_wconf 88' lang='lat' dir='ltr'>Persam.</span> 
     </span>
     <span class='ocr_line' id='line_1_19' title="bbox 543 2204 1767 2289; baseline -0.002 -19"><span class='ocrx_word' id='word_1_69' title='bbox 543 2206 622 2270; x_wconf 95' lang='lat' dir='ltr'>In</span> <span class='ocrx_word' id='word_1_70' title='bbox 670 2228 801 2288; x_wconf 91' lang='lat' dir='ltr'>qua</span> <span class='ocrx_word' id='word_1_71' title='bbox 847 2207 1089 2289; x_wconf 85' lang='lat' dir='ltr'>synodo</span> <span class='ocrx_word' id='word_1_72' title='bbox 1121 2212 1271 2289; x_wconf 90' lang='lat' dir='ltr'>post</span> <span class='ocrx_word' id='word_1_73' title='bbox 1302 2205 1464 2269; x_wconf 90' lang='lat' dir='ltr'>alias</span> <span class='ocrx_word' id='word_1_74' title='bbox 1496 2204 1767 2269; x_wconf 79' lang='lat' dir='ltr'>ecclesie</span> 
     </span>
     <span class='ocr_line' id='line_1_20' title="bbox 544 2313 1767 2393; baseline -0.002 -18"><span class='ocrx_word' id='word_1_75' title='bbox 544 2313 649 2378; x_wconf 94' lang='lat' dir='ltr'>dei</span> <span class='ocrx_word' id='word_1_76' title='bbox 681 2314 1081 2377; x_wconf 89' lang='lat' dir='ltr'>necessarias</span> <span class='ocrx_word' id='word_1_77' title='bbox 1112 2313 1580 2392; x_wconf 79' lang='lat' dir='ltr'>institucioneS,</span> <span class='ocrx_word' id='word_1_78' title='bbox 1603 2332 1767 2393; x_wconf 90' lang='lat' dir='ltr'>quas</span> 
     </span>
     <span class='ocr_line' id='line_1_21' title="bbox 543 2418 1767 2503; baseline -0.002 -20"><span class='ocrx_word' id='word_1_79' title='bbox 543 2442 660 2503; x_wconf 90' lang='lat' dir='ltr'>pro</span> <span class='ocrx_word' id='word_1_80' title='bbox 693 2428 984 2503; x_wconf 92' lang='lat' dir='ltr'>tempore</span> <span class='ocrx_word' id='word_1_81' title='bbox 1015 2420 1520 2503; x_wconf 85' lang='lat' dir='ltr'>promulgandas</span> <span class='ocrx_word' id='word_1_82' title='bbox 1550 2418 1767 2483; x_wconf 92' lang='lat' dir='ltr'>decre-</span> 
     </span>
     <span class='ocr_line' id='line_1_22' title="bbox 541 2523 1768 2609; baseline -0.002 -19"><span class='ocrx_word' id='word_1_83' title='bbox 541 2534 727 2591; x_wconf 88' lang='lat' dir='ltr'>verat</span> <span class='ocrx_word' id='word_1_84' title='bbox 774 2533 1146 2591; x_wconf 91' lang='lat' dir='ltr'>sanctorum</span> <span class='ocrx_word' id='word_1_85' title='bbox 1192 2533 1475 2609; x_wconf 87' lang='lat' dir='ltr'>patrum,</span> <span class='ocrx_word' id='word_1_86' title='bbox 1525 2526 1637 2607; x_wconf 91' lang='lat' dir='ltr'>qui</span> <span class='ocrx_word' id='word_1_87' title='bbox 1684 2523 1768 2588; x_wconf 92' lang='lat' dir='ltr'>ad</span> 
     </span>
     <span class='ocr_line' id='line_1_23' title="bbox 543 2634 1763 2714; baseline -0.003 -16"><span class='ocrx_word' id='word_1_88' title='bbox 543 2656 686 2699; x_wconf 94' lang='lat' dir='ltr'>eam</span> <span class='ocrx_word' id='word_1_89' title='bbox 721 2638 1170 2713; x_wconf 88' lang='lat' dir='ltr'>convenerant,</span> <span class='ocrx_word' id='word_1_90' title='bbox 1205 2634 1579 2713; x_wconf 78' lang='lat' dir='ltr'>auctoritaS,</span> <span class='ocrx_word' id='word_1_91' title='bbox 1619 2652 1763 2714; x_wconf 91' lang='lat' dir='ltr'>pre-</span> 
     </span>
     <span class='ocr_line' id='line_1_24' title="bbox 543 2739 1763 2805; baseline -0.004 0"><span class='ocrx_word' id='word_1_92' title='bbox 543 2742 783 2805; x_wconf 89' lang='lat' dir='ltr'>dictam</span> <span class='ocrx_word' id='word_1_93' title='bbox 849 2741 968 2805; x_wconf 90' lang='lat' dir='ltr'>deo</span> <span class='ocrx_word' id='word_1_94' title='bbox 1035 2739 1379 2804; x_wconf 91' lang='lat' dir='ltr'>amabilem</span> <span class='ocrx_word' id='word_1_95' title='bbox 1444 2739 1763 2802; x_wconf 89' lang='lat' dir='ltr'>honorare</span> 
     </span>
     <span class='ocr_line' id='line_1_25' title="bbox 543 2845 1764 2929; baseline -0.004 -17"><span class='ocrx_word' id='word_1_96' title='bbox 543 2849 886 2913; x_wconf 91' lang='lat' dir='ltr'>ecclesiam</span> <span class='ocrx_word' id='word_1_97' title='bbox 933 2853 1000 2911; x_wconf 92' lang='lat' dir='ltr'>et</span> <span class='ocrx_word' id='word_1_98' title='bbox 1038 2848 1176 2911; x_wconf 90' lang='lat' dir='ltr'>eius</span> <span class='ocrx_word' id='word_1_99' title='bbox 1218 2847 1519 2929; x_wconf 87' lang='lat' dir='ltr'>episcopo</span> <span class='ocrx_word' id='word_1_100' title='bbox 1551 2845 1764 2908; x_wconf 92' lang='lat' dir='ltr'>locum</span> 
     </span>
     <span class='ocr_line' id='line_1_26' title="bbox 545 2951 1763 3038; baseline -0.003 -21"><span class='ocrx_word' id='word_1_101' title='bbox 545 2956 716 3019; x_wconf 88' lang='lat' dir='ltr'>inter</span> <span class='ocrx_word' id='word_1_102' title='bbox 770 2953 1181 3038; x_wconf 89' lang='lat' dir='ltr'>patriarchas</span> <span class='ocrx_word' id='word_1_103' title='bbox 1239 2953 1394 3016; x_wconf 88' lang='lat' dir='ltr'>dare</span> <span class='ocrx_word' id='word_1_104' title='bbox 1441 2951 1763 3016; x_wconf 91' lang='lat' dir='ltr'>communi</span> 
     </span>
     <span class='ocr_line' id='line_1_27' title="bbox 543 3060 1762 3149; baseline -0.004 -24"><span class='ocrx_word' id='word_1_105' title='bbox 543 3063 759 3125; x_wconf 84' lang='lat' dir='ltr'>sanxit</span> <span class='ocrx_word' id='word_1_106' title='bbox 776 3063 1128 3139; x_wconf 89' lang='lat' dir='ltr'>voluntate,</span> <span class='ocrx_word' id='word_1_107' title='bbox 1159 3060 1175 3149; x_wconf 69' lang='grc' dir='ltr'>Η</span> <span class='ocrx_word' id='word_1_108' title='bbox 1198 3060 1636 3123; x_wconf 88' lang='lat' dir='ltr'>reverenciam</span> <span class='ocrx_word' id='word_1_109' title='bbox 1657 3078 1762 3121; x_wconf 90' lang='lat' dir='ltr'>ex-</span> 
     </span>
     <span class='ocr_line' id='line_1_28' title="bbox 541 3163 1765 3232; baseline -0.004 -1"><span class='ocrx_word' id='word_1_110' title='bbox 541 3167 772 3231; x_wconf 92' lang='lat' dir='ltr'>hibens</span> <span class='ocrx_word' id='word_1_111' title='bbox 822 3173 1044 3232; x_wconf 88' lang='lat' dir='ltr'>sancte</span> <span class='ocrx_word' id='word_1_112' title='bbox 1102 3165 1582 3230; x_wconf 89' lang='lat' dir='ltr'>resurrectioni.</span> <span class='ocrx_word' id='word_1_113' title='bbox 1676 3163 1765 3227; x_wconf 89' lang='lat' dir='ltr'>Et</span> 
     </span>
     <span class='ocr_line' id='line_1_29' title="bbox 543 3271 1790 3378; baseline -0.003 -41"><span class='ocrx_word' id='word_1_114' title='bbox 543 3274 848 3356; x_wconf 90' lang='lat' dir='ltr'>quoniam</span> <span class='ocrx_word' id='word_1_115' title='bbox 938 3275 1233 3357; x_wconf 90' lang='lat' dir='ltr'>predicta</span> <span class='ocrx_word' id='word_1_116' title='bbox 1324 3272 1427 3336; x_wconf 92' lang='lat' dir='ltr'>dei</span> <span class='ocrx_word' id='word_1_117' title='bbox 1505 3271 1790 3378; x_wconf 48' lang='lat' dir='ltr'>cultrixb</span> 
     </span>
     <span class='ocr_line' id='line_1_30' title="bbox 543 3379 1765 3459; baseline -0.003 -15"><span class='ocrx_word' id='word_1_118' title='bbox 543 3380 793 3444; x_wconf 92' lang='lat' dir='ltr'>scilicet</span> <span class='ocrx_word' id='word_1_119' title='bbox 845 3379 1197 3445; x_wconf 89' lang='lat' dir='ltr'>Ierosalem</span> <span class='ocrx_word' id='word_1_120' title='bbox 1255 3380 1513 3458; x_wconf 81' lang='lat' dir='ltr'>civitaS,</span> <span class='ocrx_word' id='word_1_121' title='bbox 1575 3379 1765 3459; x_wconf 89' lang='lat' dir='ltr'>quasi</span> 
     </span>
     <span class='ocr_line' id='line_1_31' title="bbox 542 3485 1764 3551; baseline -0.002 -1"><span class='ocrx_word' id='word_1_122' title='bbox 542 3488 610 3550; x_wconf 93' lang='lat' dir='ltr'>in</span> <span class='ocrx_word' id='word_1_123' title='bbox 663 3487 976 3551; x_wconf 89' lang='lat' dir='ltr'>limitibus</span> <span class='ocrx_word' id='word_1_124' title='bbox 1031 3485 1457 3550; x_wconf 81' lang='lat' dir='ltr'>Alexandrini</span> <span class='ocrx_word' id='word_1_125' title='bbox 1513 3491 1578 3549; x_wconf 91' lang='lat' dir='ltr'>et</span> <span class='ocrx_word' id='word_1_126' title='bbox 1632 3485 1764 3549; x_wconf 92' lang='lat' dir='ltr'>An-</span> 
     </span>
     <span class='ocr_line' id='line_1_32' title="bbox 544 3593 1768 3676; baseline -0.001 -20"><span class='ocrx_word' id='word_1_127' title='bbox 544 3593 870 3657; x_wconf 89' lang='lat' dir='ltr'>thiocheni</span> <span class='ocrx_word' id='word_1_128' title='bbox 975 3593 1534 3676; x_wconf 86' lang='lat' dir='ltr'>patriarchatuum</span> <span class='ocrx_word' id='word_1_129' title='bbox 1626 3598 1768 3655; x_wconf 91' lang='lat' dir='ltr'>erat</span> 
     </span>
     <span class='ocr_line' id='line_1_33' title="bbox 542 3699 1764 3782; baseline -0.003 -17"><span class='ocrx_word' id='word_1_130' title='bbox 542 3722 661 3765; x_wconf 90' lang='lat' dir='ltr'>nec</span> <span class='ocrx_word' id='word_1_131' title='bbox 725 3700 1077 3782; x_wconf 87' lang='lat' dir='ltr'>haberent,</span> <span class='ocrx_word' id='word_1_132' title='bbox 1156 3700 1325 3763; x_wconf 90' lang='lat' dir='ltr'>unde</span> <span class='ocrx_word' id='word_1_133' title='bbox 1401 3700 1496 3762; x_wconf 90' lang='lat' dir='ltr'>illi</span> <span class='ocrx_word' id='word_1_134' title='bbox 1571 3699 1764 3762; x_wconf 90' lang='lat' dir='ltr'>urbes</span> 
     </span>
     <span class='ocr_line' id='line_1_34' title="bbox 544 3806 1765 3889; baseline -0.004 -17"><span class='ocrx_word' id='word_1_135' title='bbox 544 3807 921 3872; x_wconf 88' lang='lat' dir='ltr'>ordinarent</span> <span class='ocrx_word' id='word_1_136' title='bbox 953 3806 1416 3889; x_wconf 88' lang='lat' dir='ltr'>suffraganeas,</span> <span class='ocrx_word' id='word_1_137' title='bbox 1441 3806 1575 3868; x_wconf 86' lang='lat' dir='ltr'>&#39;nisi</span> <span class='ocrx_word' id='word_1_138' title='bbox 1606 3807 1765 3869; x_wconf 91' lang='lat' dir='ltr'>utri-</span> 
     </span>
     <span class='ocr_line' id='line_1_35' title="bbox 544 3912 1764 3997; baseline -0.002 -19"><span class='ocrx_word' id='word_1_139' title='bbox 544 3936 669 3997; x_wconf 89' lang='lat' dir='ltr'>que</span> <span class='ocrx_word' id='word_1_140' title='bbox 688 3913 1057 3996; x_wconf 90' lang='lat' dir='ltr'>patriarche</span> <span class='ocrx_word' id='word_1_141' title='bbox 1069 3913 1316 3995; x_wconf 90' lang='lat' dir='ltr'>aliquid</span> <span class='ocrx_word' id='word_1_142' title='bbox 1330 3912 1764 3993; x_wconf 82' lang='lat' dir='ltr'>detraherent,</span> 
     </span>
     <span class='ocr_line' id='line_1_36' title="bbox 544 4018 1764 4102; baseline -0.002 -17"><span class='ocrx_word' id='word_1_143' title='bbox 544 4021 752 4085; x_wconf 88' lang='lat' dir='ltr'>visum</span> <span class='ocrx_word' id='word_1_144' title='bbox 800 4026 900 4084; x_wconf 88' lang='lat' dir='ltr'>est</span> <span class='ocrx_word' id='word_1_145' title='bbox 946 4019 1285 4102; x_wconf 88' lang='lat' dir='ltr'>expedire,</span> <span class='ocrx_word' id='word_1_146' title='bbox 1349 4018 1432 4082; x_wconf 90' lang='lat' dir='ltr'>ab</span> <span class='ocrx_word' id='word_1_147' title='bbox 1488 4024 1764 4101; x_wconf 91' lang='lat' dir='ltr'>utroque</span> 
     </span>
     <span class='ocr_line' id='line_1_37' title="bbox 545 4125 1766 4210; baseline -0.002 -19"><span class='ocrx_word' id='word_1_148' title='bbox 545 4127 792 4210; x_wconf 90' lang='lat' dir='ltr'>aliquid</span> <span class='ocrx_word' id='word_1_149' title='bbox 825 4127 1190 4210; x_wconf 85' lang='lat' dir='ltr'>decerpere,</span> <span class='ocrx_word' id='word_1_150' title='bbox 1240 4132 1313 4189; x_wconf 95' lang='lat' dir='ltr'>ut</span> <span class='ocrx_word' id='word_1_151' title='bbox 1344 4125 1551 4190; x_wconf 92' lang='lat' dir='ltr'>eidem</span> <span class='ocrx_word' id='word_1_152' title='bbox 1582 4128 1766 4189; x_wconf 90' lang='lat' dir='ltr'>iuxta</span> 
     </span>
     <span class='ocr_line' id='line_1_38' title="bbox 545 4232 1766 4315; baseline -0.001 -18"><span class='ocrx_word' id='word_1_153' title='bbox 545 4234 821 4299; x_wconf 85' lang='lat' dir='ltr'>formam</span> <span class='ocrx_word' id='word_1_154' title='bbox 876 4234 1150 4298; x_wconf 91' lang='lat' dir='ltr'>aliorum</span> <span class='ocrx_word' id='word_1_155' title='bbox 1207 4232 1766 4315; x_wconf 87' lang='lat' dir='ltr'>patriarchatuum</span> 
     </span>
     <span class='ocr_line' id='line_1_39' title="bbox 546 4337 1764 4406; baseline -0.004 0"><span class='ocrx_word' id='word_1_156' title='bbox 546 4341 922 4406; x_wconf 88' lang='lat' dir='ltr'>ordinarent</span> <span class='ocrx_word' id='word_1_157' title='bbox 977 4340 1319 4404; x_wconf 66' lang='lat' dir='ltr'>subiectos</span> <span class='ocrx_word' id='word_1_158' title='bbox 1415 4337 1764 4404; x_wconf 87' lang='lat' dir='ltr'>Subtraxe-</span> 
     </span>
    </p>
   </div>
   <div class='ocr_carea' id='block_1_4' title="bbox 1874 497 3117 1435">
    <p class='ocr_par' dir='ltr' id='par_1_4' title="bbox 1874 497 3117 1435">
     <span class='ocr_line' id='line_1_40' title="bbox 1888 497 3117 580; baseline -0.001 -17"><span class='ocrx_word' id='word_1_159' title='bbox 1888 506 2042 563; x_wconf 90' lang='lat' dir='ltr'>runt</span> <span class='ocrx_word' id='word_1_160' title='bbox 2087 520 2238 580; x_wconf 88' lang='lat' dir='ltr'>ergo</span> <span class='ocrx_word' id='word_1_161' title='bbox 2284 498 2735 564; x_wconf 89' lang='lat' dir='ltr'>Anthiocheno</span> <span class='ocrx_word' id='word_1_162' title='bbox 2772 497 3117 563; x_wconf 84' lang='lat' dir='ltr'>Cesarien-</span> 
     </span>
     <span class='ocr_line' id='line_1_41' title="bbox 1886 604 3116 689; baseline 0.001 -20"><span class='ocrx_word' id='word_1_163' title='bbox 1886 627 2020 670; x_wconf 87' lang='lat' dir='ltr'>sem</span> <span class='ocrx_word' id='word_1_164' title='bbox 2069 611 2135 670; x_wconf 92' lang='lat' dir='ltr'>et</span> <span class='ocrx_word' id='word_1_165' title='bbox 2165 604 2706 688; x_wconf 89' lang='lat' dir='ltr'>Scitopolitanum</span> <span class='ocrx_word' id='word_1_166' title='bbox 2735 605 3116 689; x_wconf 82' lang='lat' dir='ltr'>metropoli-</span> 
     </span>
     <span class='ocr_line' id='line_1_42' title="bbox 1881 711 3113 793; baseline 0.001 -18"><span class='ocrx_word' id='word_1_167' title='bbox 1881 717 2099 793; x_wconf 66' lang='lat' dir='ltr'>tanos»,</span> <span class='ocrx_word' id='word_1_168' title='bbox 2157 711 2599 777; x_wconf 88' lang='lat' dir='ltr'>Alexandrino</span> <span class='ocrx_word' id='word_1_169' title='bbox 2646 733 2797 778; x_wconf 88' lang='lat' dir='ltr'>vero</span> <span class='ocrx_word' id='word_1_170' title='bbox 2845 713 3113 777; x_wconf 89' lang='lat' dir='ltr'>Raben-</span> 
     </span>
     <span class='ocr_line' id='line_1_43' title="bbox 1881 808 3113 901; baseline 0 -19"><span class='ocrx_word' id='word_1_171' title='bbox 1881 839 2049 901; x_wconf 89' lang='lat' dir='ltr'>sem,</span> <span class='ocrx_word' id='word_1_172' title='bbox 2107 819 2218 901; x_wconf 91' lang='lat' dir='ltr'>qui</span> <span class='ocrx_word' id='word_1_173' title='bbox 2251 808 2375 883; x_wconf 77' lang='lat' dir='ltr'>&#39;est</span> <span class='ocrx_word' id='word_1_174' title='bbox 2429 819 2622 884; x_wconf 93' lang='lat' dir='ltr'>hodie</span> <span class='ocrx_word' id='word_1_175' title='bbox 2669 819 3113 899; x_wconf 77' lang='lat' dir='ltr'>PetracensiS,</span> 
     </span>
     <span class='ocr_line' id='line_1_44' title="bbox 1879 925 3112 1009; baseline 0.002 -21"><span class='ocrx_word' id='word_1_176' title='bbox 1879 932 1945 988; x_wconf 91' lang='lat' dir='ltr'>et</span> <span class='ocrx_word' id='word_1_177' title='bbox 1975 925 2447 1009; x_wconf 88' lang='lat' dir='ltr'>Beterrensem,</span> <span class='ocrx_word' id='word_1_178' title='bbox 2478 926 2592 990; x_wconf 92' lang='lat' dir='ltr'>ubi</span> <span class='ocrx_word' id='word_1_179' title='bbox 2623 948 2750 990; x_wconf 94' lang='lat' dir='ltr'>non</span> <span class='ocrx_word' id='word_1_180' title='bbox 2783 931 2884 990; x_wconf 89' lang='lat' dir='ltr'>est</span> <span class='ocrx_word' id='word_1_181' title='bbox 2913 925 3112 991; x_wconf 91' lang='lat' dir='ltr'>hodie</span> 
     </span>
     <span class='ocr_line' id='line_1_45' title="bbox 1878 1032 3110 1116; baseline -0.001 -20"><span class='ocrx_word' id='word_1_182' title='bbox 1878 1032 2402 1116; x_wconf 89' lang='lat' dir='ltr'>archiepiscopus</span> <span class='ocrx_word' id='word_1_183' title='bbox 2424 1082 2440 1114; x_wconf 95' lang='lat'>,</span> <span class='ocrx_word' id='word_1_184' title='bbox 2547 1032 3110 1116; x_wconf 79' lang='lat' dir='ltr'>metropolitanos,</span> 
     </span>
     <span class='ocr_line' id='line_1_46' title="bbox 1874 1138 3109 1222; baseline -0.001 -19"><span class='ocrx_word' id='word_1_185' title='bbox 1874 1138 1965 1203; x_wconf 87' lang='lat' dir='ltr'>Et</span> <span class='ocrx_word' id='word_1_186' title='bbox 1995 1140 2301 1220; x_wconf 90' lang='lat' dir='ltr'>quoniam</span> <span class='ocrx_word' id='word_1_187' title='bbox 2333 1139 2569 1203; x_wconf 91' lang='lat' dir='ltr'>iterum</span> <span class='ocrx_word' id='word_1_188' title='bbox 2602 1139 2882 1203; x_wconf 92' lang='lat' dir='ltr'>eundem</span> <span class='ocrx_word' id='word_1_189' title='bbox 2901 1140 3109 1222; x_wconf 90' lang='lat' dir='ltr'>patri-</span> 
     </span>
     <span class='ocr_line' id='line_1_47' title="bbox 1875 1245 3110 1329; baseline 0 -20"><span class='ocrx_word' id='word_1_190' title='bbox 1875 1245 2139 1309; x_wconf 90' lang='lat' dir='ltr'>archam</span> <span class='ocrx_word' id='word_1_191' title='bbox 2199 1245 2543 1329; x_wconf 90' lang='lat' dir='ltr'>oportebat</span> <span class='ocrx_word' id='word_1_192' title='bbox 2595 1245 2837 1310; x_wconf 88' lang='lat' dir='ltr'>habere</span> <span class='ocrx_word' id='word_1_193' title='bbox 2885 1252 3110 1329; x_wconf 89' lang='lat' dir='ltr'>preter</span> 
     </span>
     <span class='ocr_line' id='line_1_48' title="bbox 1881 1352 3103 1435; baseline 0.001 -20"><span class='ocrx_word' id='word_1_194' title='bbox 1881 1352 2286 1434; x_wconf 88' lang='lat' dir='ltr'>supradictos</span> <span class='ocrx_word' id='word_1_195' title='bbox 2332 1353 2868 1435; x_wconf 90' lang='lat' dir='ltr'>metropolitanos</span> <span class='ocrx_word' id='word_1_196' title='bbox 2917 1352 3103 1417; x_wconf 85' lang='lat' dir='ltr'>fami-</span> 
     </span>
    </p>
   </div>
   <div class='ocr_carea' id='block_1_5' title="bbox 1876 1457 3212 1647">
    <p class='ocr_par' dir='ltr' id='par_1_5' title="bbox 1876 1457 3212 1647">
     <span class='ocr_line' id='line_1_49' title="bbox 1876 1457 3212 1551; baseline 0 -29"><span class='ocrx_word' id='word_1_197' title='bbox 1876 1459 2071 1523; x_wconf 88' lang='lat' dir='ltr'>liares</span> <span class='ocrx_word' id='word_1_198' title='bbox 2139 1457 2616 1542; x_wconf 79' lang='lat' dir='ltr'>suffraganeoS,</span> <span class='ocrx_word' id='word_1_199' title='bbox 2684 1481 2846 1541; x_wconf 90' lang='lat' dir='ltr'>quos</span> <span class='ocrx_word' id='word_1_200' title='bbox 2907 1458 3101 1524; x_wconf 81' lang='lat' dir='ltr'>Greci</span> <span class='ocrx_word' id='word_1_201' title='bbox 3211 1528 3212 1551; x_wconf 13' lang='grc' dir='ltr'><strong>ξ</strong></span> 
     </span>
     <span class='ocr_line' id='line_1_50' title="bbox 1878 1565 3102 1647; baseline 0.001 -19"><span class='ocrx_word' id='word_1_202' title='bbox 1878 1565 2179 1630; x_wconf 91' lang='lat' dir='ltr'>cincellos</span> <span class='ocrx_word' id='word_1_203' title='bbox 2270 1571 2541 1647; x_wconf 87' lang='lat' dir='ltr'>vocant,</span> <span class='ocrx_word' id='word_1_204' title='bbox 2637 1565 3102 1630; x_wconf 89' lang='lat' dir='ltr'>subtraxerunt</span> 
     </span>
    </p>
   </div>
   <div class='ocr_carea' id='block_1_6' title="bbox 1875 1672 3100 2484">
    <p class='ocr_par' dir='ltr' id='par_1_6' title="bbox 1875 1672 3100 2484">
     <span class='ocr_line' id='line_1_51' title="bbox 1875 1672 3100 1756; baseline 0 -21"><span class='ocrx_word' id='word_1_205' title='bbox 1875 1672 2184 1754; x_wconf 90' lang='lat' dir='ltr'>predictis</span> <span class='ocrx_word' id='word_1_206' title='bbox 2232 1673 2750 1756; x_wconf 88' lang='lat' dir='ltr'>metropolitanis</span> <span class='ocrx_word' id='word_1_207' title='bbox 2784 1673 3100 1755; x_wconf 88' lang='lat' dir='ltr'>quosdam</span> 
     </span>
     <span class='ocr_line' id='line_1_52' title="bbox 1877 1778 3099 1863; baseline -0.001 -21"><span class='ocrx_word' id='word_1_208' title='bbox 1877 1778 2318 1861; x_wconf 88' lang='lat' dir='ltr'>suffraganeos</span> <span class='ocrx_word' id='word_1_209' title='bbox 2368 1780 2703 1863; x_wconf 89' lang='lat' dir='ltr'>episcopos</span> <span class='ocrx_word' id='word_1_210' title='bbox 2726 1829 2742 1860; x_wconf 96' lang='lat'>,</span> <span class='ocrx_word' id='word_1_211' title='bbox 2793 1785 2859 1842; x_wconf 91' lang='lat' dir='ltr'>et</span> <span class='ocrx_word' id='word_1_212' title='bbox 2908 1800 3099 1862; x_wconf 90' lang='lat' dir='ltr'>quos-</span> 
     </span>
     <span class='ocr_line' id='line_1_53' title="bbox 1878 1885 3099 1968; baseline -0.001 -19"><span class='ocrx_word' id='word_1_213' title='bbox 1878 1886 2027 1949; x_wconf 94' lang='lat' dir='ltr'>dam</span> <span class='ocrx_word' id='word_1_214' title='bbox 2085 1885 2163 1949; x_wconf 93' lang='lat' dir='ltr'>de</span> <span class='ocrx_word' id='word_1_215' title='bbox 2218 1907 2384 1951; x_wconf 85' lang='lat' dir='ltr'>novo</span> <span class='ocrx_word' id='word_1_216' title='bbox 2446 1891 2829 1950; x_wconf 85' lang='lat' dir='ltr'>creaverunt</span> <span class='ocrx_word' id='word_1_217' title='bbox 2892 1905 3099 1968; x_wconf 91' lang='lat' dir='ltr'>usque</span> 
     </span>
     <span class='ocr_line' id='line_1_54' title="bbox 1876 1991 3099 2075; baseline -0.001 -19"><span class='ocrx_word' id='word_1_218' title='bbox 1876 1992 1960 2056; x_wconf 90' lang='lat' dir='ltr'>ad</span> <span class='ocrx_word' id='word_1_219' title='bbox 1979 1991 2513 2074; x_wconf 83' lang='lat' dir='ltr'>vigintiquinque,</span> <span class='ocrx_word' id='word_1_220' title='bbox 2536 2014 2811 2075; x_wconf 90' lang='lat' dir='ltr'>quarum</span> <span class='ocrx_word' id='word_1_221' title='bbox 2839 1992 3099 2056; x_wconf 89' lang='lat' dir='ltr'>urbium</span> 
     </span>
     <span class='ocr_line' id='line_1_55' title="bbox 1876 2099 3097 2178; baseline 0 -17"><span class='ocrx_word' id='word_1_222' title='bbox 1876 2119 2213 2162; x_wconf 90' lang='lat' dir='ltr'>numerum</span> <span class='ocrx_word' id='word_1_223' title='bbox 2234 2105 2300 2163; x_wconf 91' lang='lat' dir='ltr'>et</span> <span class='ocrx_word' id='word_1_224' title='bbox 2329 2099 2592 2163; x_wconf 93' lang='lat' dir='ltr'>nomina</span> <span class='ocrx_word' id='word_1_225' title='bbox 2625 2099 3097 2178; x_wconf 80' lang='lat' dir='ltr'>subiunximuS,</span> 
     </span>
     <span class='ocr_line' id='line_1_56' title="bbox 1877 2205 3098 2289; baseline -0.002 -20"><span class='ocrx_word' id='word_1_226' title='bbox 1877 2206 2265 2288; x_wconf 89' lang='lat' dir='ltr'>computatis</span> <span class='ocrx_word' id='word_1_227' title='bbox 2327 2207 2508 2289; x_wconf 90' lang='lat' dir='ltr'>prius</span> <span class='ocrx_word' id='word_1_228' title='bbox 2582 2205 3098 2288; x_wconf 87' lang='lat' dir='ltr'>metropolitanis</span> 
     </span>
     <span class='ocr_line' id='line_1_57' title="bbox 1878 2311 3098 2394; baseline -0.002 -18"><span class='ocrx_word' id='word_1_229' title='bbox 1878 2318 1943 2376; x_wconf 92' lang='lat' dir='ltr'>et</span> <span class='ocrx_word' id='word_1_230' title='bbox 1989 2332 2210 2376; x_wconf 89' lang='lat' dir='ltr'>eorum</span> <span class='ocrx_word' id='word_1_231' title='bbox 2247 2311 2694 2394; x_wconf 64' lang='lat' dir='ltr'>suffraganeis</span> <span class='ocrx_word' id='word_1_232' title='bbox 2773 2312 2898 2376; x_wconf 85' lang='lat' dir='ltr'>Est</span> <span class='ocrx_word' id='word_1_233' title='bbox 2930 2313 3098 2377; x_wconf 92' lang='lat' dir='ltr'>enim</span> 
     </span>
     <span class='ocr_line' id='line_1_58' title="bbox 1878 2418 2263 2484; baseline -0.005 0"><span class='ocrx_word' id='word_1_234' title='bbox 1878 2418 2034 2484; x_wconf 90' lang='lat' dir='ltr'>ordo</span> <span class='ocrx_word' id='word_1_235' title='bbox 2081 2418 2263 2483; x_wconf 90' lang='lat' dir='ltr'>talis:</span> 
     </span>
    </p>
   </div>
   <div class='ocr_carea' id='block_1_7' title="bbox 2051 2702 2607 2767">
    <p class='ocr_par' dir='ltr' id='par_1_7' title="bbox 2051 2702 2607 2767">
     <span class='ocr_line' id='line_1_59' title="bbox 2051 2702 2607 2767; baseline -0.002 0"><span class='ocrx_word' id='word_1_236' title='bbox 2051 2702 2135 2767; x_wconf 92' lang='lat' dir='ltr'>In</span> <span class='ocrx_word' id='word_1_237' title='bbox 2181 2703 2607 2767; x_wconf 88' lang='lat' dir='ltr'>Palestina.</span> 
     </span>
    </p>
   </div>
   <div class='ocr_carea' id='block_1_8' title="bbox 1870 2844 3093 4421">
    <p class='ocr_par' dir='ltr' id='par_1_8' title="bbox 1870 2844 3093 3122">
     <span class='ocr_line' id='line_1_60' title="bbox 1872 2844 3092 2929; baseline -0.002 -19"><span class='ocrx_word' id='word_1_238' title='bbox 1872 2845 2072 2910; x_wconf 88' lang='lat' dir='ltr'>Sedes</span> <span class='ocrx_word' id='word_1_239' title='bbox 2138 2846 2376 2929; x_wconf 88' lang='lat' dir='ltr'>prima:</span> <span class='ocrx_word' id='word_1_240' title='bbox 2470 2844 3092 2924; x_wconf 85' lang='lat' dir='ltr'>Cesareamaritima,</span> 
     </span>
     <span class='ocr_line' id='line_1_61' title="bbox 1872 2952 3093 3035; baseline 0 -19"><span class='ocrx_word' id='word_1_241' title='bbox 1872 2953 2060 3035; x_wconf 90' lang='lat' dir='ltr'>quasi</span> <span class='ocrx_word' id='word_1_242' title='bbox 2106 2952 2472 3033; x_wconf 87' lang='lat' dir='ltr'>Palestina,</span> <span class='ocrx_word' id='word_1_243' title='bbox 2522 2973 2718 3034; x_wconf 89' lang='lat' dir='ltr'>quam</span> <span class='ocrx_word' id='word_1_244' title='bbox 2763 2952 3093 3016; x_wconf 89' lang='lat' dir='ltr'>reedifica-</span> 
     </span>
     <span class='ocr_line' id='line_1_62' title="bbox 1870 3057 2340 3122; baseline 0 0"><span class='ocrx_word' id='word_1_245' title='bbox 1870 3060 1965 3122; x_wconf 89' lang='lat' dir='ltr'>vit</span> <span class='ocrx_word' id='word_1_246' title='bbox 2026 3057 2340 3122; x_wconf 88' lang='lat' dir='ltr'>Herodes.</span> 
     </span>
    </p>

    <p class='ocr_par' dir='ltr' id='par_1_9' title="bbox 1872 3164 3086 3352">
     <span class='ocr_line' id='line_1_63' title="bbox 1872 3164 3086 3247; baseline -0.003 -17"><span class='ocrx_word' id='word_1_247' title='bbox 1872 3165 2007 3231; x_wconf 86' lang='lat' dir='ltr'>Sub</span> <span class='ocrx_word' id='word_1_248' title='bbox 2054 3165 2179 3229; x_wconf 90' lang='lat' dir='ltr'>hac</span> <span class='ocrx_word' id='word_1_249' title='bbox 2226 3170 2378 3229; x_wconf 91' lang='lat' dir='ltr'>sunt</span> <span class='ocrx_word' id='word_1_250' title='bbox 2423 3164 2835 3247; x_wconf 87' lang='lat' dir='ltr'>episcopatus</span> <span class='ocrx_word' id='word_1_251' title='bbox 2870 3165 3086 3229; x_wconf 92' lang='lat' dir='ltr'>decem</span> 
     </span>
     <span class='ocr_line' id='line_1_64' title="bbox 1874 3271 2583 3352; baseline -0.001 -16"><span class='ocrx_word' id='word_1_252' title='bbox 1874 3278 1940 3336; x_wconf 91' lang='lat' dir='ltr'>et</span> <span class='ocrx_word' id='word_1_253' title='bbox 1985 3293 2233 3352; x_wconf 87' lang='lat' dir='ltr'>novem,</span> <span class='ocrx_word' id='word_1_254' title='bbox 2281 3271 2583 3335; x_wconf 89' lang='lat' dir='ltr'>videlicet</span> 
     </span>
    </p>

    <p class='ocr_par' dir='ltr' id='par_1_10' title="bbox 1873 3379 2054 3443">
     <span class='ocr_line' id='line_1_65' title="bbox 1873 3379 2054 3443; baseline 0 0"><span class='ocrx_word' id='word_1_255' title='bbox 1873 3379 2054 3443; x_wconf 92' lang='lat' dir='ltr'>Dora</span> 
     </span>
    </p>

    <p class='ocr_par' dir='ltr' id='par_1_11' title="bbox 1875 3485 2297 3569">
     <span class='ocr_line' id='line_1_66' title="bbox 1875 3485 2297 3569; baseline -0.005 -19"><span class='ocrx_word' id='word_1_256' title='bbox 1875 3485 2297 3569; x_wconf 88' lang='lat' dir='ltr'>Antipatrida</span> 
     </span>
    </p>

    <p class='ocr_par' dir='ltr' id='par_1_12' title="bbox 1872 3591 2630 3672">
     <span class='ocr_line' id='line_1_67' title="bbox 1872 3591 2630 3672; baseline -0.003 -16"><span class='ocrx_word' id='word_1_257' title='bbox 1872 3593 2113 3672; x_wconf 88' lang='lat' dir='ltr'>Ianias,</span> <span class='ocrx_word' id='word_1_258' title='bbox 2162 3591 2226 3655; x_wconf 92' lang='lat' dir='ltr'>id</span> <span class='ocrx_word' id='word_1_259' title='bbox 2276 3596 2377 3655; x_wconf 86' lang='lat' dir='ltr'>est</span> <span class='ocrx_word' id='word_1_260' title='bbox 2419 3591 2630 3654; x_wconf 88' lang='lat' dir='ltr'>Assur</span> 
     </span>
    </p>

    <p class='ocr_par' dir='ltr' id='par_1_13' title="bbox 1873 3698 2202 3782">
     <span class='ocr_line' id='line_1_68' title="bbox 1873 3698 2202 3782; baseline -0.006 -19"><span class='ocrx_word' id='word_1_261' title='bbox 1873 3698 2202 3782; x_wconf 89' lang='lat' dir='ltr'>Nicopolis</span> 
     </span>
    </p>

    <p class='ocr_par' dir='ltr' id='par_1_14' title="bbox 1876 3804 2054 3869">
     <span class='ocr_line' id='line_1_69' title="bbox 1876 3804 2054 3869; baseline 0 0"><span class='ocrx_word' id='word_1_262' title='bbox 1876 3804 2054 3869; x_wconf 90' lang='lat' dir='ltr'>Onus</span> 
     </span>
    </p>

    <p class='ocr_par' dir='ltr' id='par_1_15' title="bbox 1876 3912 2135 3977">
     <span class='ocr_line' id='line_1_70' title="bbox 1876 3912 2135 3977; baseline -0.004 0"><span class='ocrx_word' id='word_1_263' title='bbox 1876 3912 2135 3977; x_wconf 87' lang='lat' dir='ltr'>Sorucis</span> 
     </span>
    </p>

    <p class='ocr_par' dir='ltr' id='par_1_16' title="bbox 1872 4018 2096 4083">
     <span class='ocr_line' id='line_1_71' title="bbox 1872 4018 2096 4083; baseline -0.004 0"><span class='ocrx_word' id='word_1_264' title='bbox 1872 4018 2096 4083; x_wconf 90' lang='lat' dir='ltr'>Rafias</span> 
     </span>
    </p>

    <p class='ocr_par' dir='ltr' id='par_1_17' title="bbox 1870 4125 2451 4209">
     <span class='ocr_line' id='line_1_72' title="bbox 1870 4125 2451 4209; baseline 0 -20"><span class='ocrx_word' id='word_1_265' title='bbox 1870 4125 2150 4208; x_wconf 88' lang='lat' dir='ltr'>Regium</span> <span class='ocrx_word' id='word_1_266' title='bbox 2197 4126 2451 4209; x_wconf 90' lang='lat' dir='ltr'>Apatos</span> 
     </span>
    </p>

    <p class='ocr_par' dir='ltr' id='par_1_18' title="bbox 1873 4230 2450 4315">
     <span class='ocr_line' id='line_1_73' title="bbox 1873 4230 2450 4315; baseline 0 -19"><span class='ocrx_word' id='word_1_267' title='bbox 1873 4232 2149 4315; x_wconf 91' lang='lat' dir='ltr'>Regium</span> <span class='ocrx_word' id='word_1_268' title='bbox 2196 4230 2450 4296; x_wconf 89' lang='lat' dir='ltr'>Iericho</span> 
     </span>
    </p>

    <p class='ocr_par' dir='ltr' id='par_1_19' title="bbox 1873 4339 2392 4421">
     <span class='ocr_line' id='line_1_74' title="bbox 1873 4339 2392 4421; baseline -0.002 -18"><span class='ocrx_word' id='word_1_269' title='bbox 1873 4339 2149 4421; x_wconf 91' lang='lat' dir='ltr'>Regium</span> <span class='ocrx_word' id='word_1_270' title='bbox 2196 4339 2392 4402; x_wconf 88' lang='lat' dir='ltr'>Livas</span> 
     </span>
    </p>
   </div>
   <div class='ocr_carea' id='block_1_9' title="bbox 726 4569 3071 4660">
    <p class='ocr_par' dir='ltr' id='par_1_20' title="bbox 726 4569 3071 4660">
     <span class='ocr_line' id='line_1_75' title="bbox 726 4569 3071 4660; baseline -0.003 -15"><span class='ocrx_word' id='word_1_271' title='bbox 726 4591 744 4623; x_wconf 90' lang='lat'>¹</span> <span class='ocrx_word' id='word_1_272' title='bbox 782 4589 1042 4645; x_wconf 87' lang='lat' dir='ltr'>Eustochi</span> <span class='ocrx_word' id='word_1_273' title='bbox 1079 4607 1207 4646; x_wconf 88' lang='lat' dir='ltr'>vom</span> <span class='ocrx_word' id='word_1_274' title='bbox 1244 4588 1531 4644; x_wconf 88' lang='lat' dir='ltr'>Schreiber</span> <span class='ocrx_word' id='word_1_275' title='bbox 1567 4589 1666 4644; x_wconf 89' lang='lat' dir='ltr'>der</span> <span class='ocrx_word' id='word_1_276' title='bbox 1701 4588 2010 4643; x_wconf 88' lang='lat' dir='ltr'>Handschr.</span> <span class='ocrx_word' id='word_1_277' title='bbox 2050 4589 2369 4644; x_wconf 78' lang='lat' dir='ltr'>iibersehen.</span> <span class='ocrx_word' id='word_1_278' title='bbox 2431 4588 2675 4660; x_wconf 78' lang='lat' dir='ltr'>Erganzt</span> <span class='ocrx_word' id='word_1_279' title='bbox 2698 4605 2798 4642; x_wconf 82' lang='lat' dir='ltr'>aus</span> <span class='ocrx_word' id='word_1_280' title='bbox 2832 4569 3071 4642; x_wconf 79' lang='lat' dir='ltr'>Weiden-</span> 
     </span>
    </p>
   </div>
   <div class='ocr_carea' id='block_1_10' title="bbox 545 4676 2539 4751">
    <p class='ocr_par' dir='ltr' id='par_1_21' title="bbox 545 4676 2539 4751">
     <span class='ocr_line' id='line_1_76' title="bbox 545 4676 2539 4751; baseline -0.003 -15"><span class='ocrx_word' id='word_1_281' title='bbox 545 4681 704 4751; x_wconf 88' lang='lat' dir='ltr'>bach,</span> <span class='ocrx_word' id='word_1_282' title='bbox 732 4680 1024 4736; x_wconf 86' lang='lat' dir='ltr'>Calendar.</span> <span class='ocrx_word' id='word_1_283' title='bbox 1051 4679 1709 4735; x_wconf 87' lang='lat' dir='ltr'>historico-christianum.</span> <span class='ocrx_word' id='word_1_284' title='bbox 1747 4676 2113 4748; x_wconf 87' lang='lat' dir='ltr'>Regensburg</span> <span class='ocrx_word' id='word_1_285' title='bbox 2138 4683 2289 4732; x_wconf 80' lang='lat'><strong>1855.</strong></span> <span class='ocrx_word' id='word_1_286' title='bbox 2337 4676 2391 4732; x_wconf 84' lang='lat' dir='ltr'>S.</span> <span class='ocrx_word' id='word_1_287' title='bbox 2420 4682 2539 4732; x_wconf 76' lang='lat'><strong>273.</strong></span> 
     </span>
    </p>
   </div>
   <div class='ocr_carea' id='block_1_11' title="bbox 2650 4675 3068 4747">
    <p class='ocr_par' dir='ltr' id='par_1_22' title="bbox 2650 4675 3068 4747">
     <span class='ocr_line' id='line_1_77' title="bbox 2650 4675 3068 4747; baseline -0.014 -15"><span class='ocrx_word' id='word_1_288' title='bbox 2650 4677 2671 4708; x_wconf 80' lang='lat'>²</span> <span class='ocrx_word' id='word_1_289' title='bbox 2704 4695 2744 4747; x_wconf 86' lang='lat' dir='ltr'><strong>y</strong></span> <span class='ocrx_word' id='word_1_290' title='bbox 2769 4695 2868 4732; x_wconf 77' lang='lat' dir='ltr'>aus</span> <span class='ocrx_word' id='word_1_291' title='bbox 2891 4696 2920 4730; x_wconf 90' lang='lat' dir='ltr'>r</span> <span class='ocrx_word' id='word_1_292' title='bbox 2940 4675 3068 4729; x_wconf 83' lang='lat' dir='ltr'>korr.</span> 
     </span>
    </p>
   </div>
   <div class='ocr_carea' id='block_1_12' title="bbox 3208 2849 3211 3759">
    <p class='ocr_par' dir='ltr' id='par_1_23' title="bbox 3208 2849 3211 3759">
     <span class='ocr_line' id='line_1_78' title="bbox 3208 2849 3211 3759; baseline 0 0"><span class='ocrx_word' id='word_1_293' title='bbox 3208 2849 3211 3759; x_wconf 95' lang='lat' dir='ltr'> </span> 
     </span>
    </p>
   </div>
  </div>
 </body>
</html>
