3242 5184
1250 310 1677 371 -11-

182 483 467 549 Romani
498 484 821 567 pontificis
854 490 968 548 aut
998 485 1267 550 ecclesie
1296 484 1587 550 Romane
1619 487 1915 566 vergeret
1961 504 2077 548 seu
2120 505 2316 567 grave
2363 485 2737 568 dampnum,

181 588 353 653 illud
395 611 513 672 pro
557 611 752 685 posse
794 590 1170 674 impediam,
1238 598 1305 656 et
1350 592 1406 656 si
1448 590 1569 655 hoc
1613 589 1928 674 impedire
1974 607 2101 656 non
2147 613 2444 674 possem,
2510 612 2738 674 procu-

181 696 351 762 rabo
414 680 585 763 bona
647 695 775 761 fide
839 696 906 761 id
969 697 1051 761 ad
1114 698 1422 762 noticiam
1479 695 1723 762 domini
1785 718 1953 780 pape
2016 684 2307 781 perferri.
2415 697 2740 781 Papatum

183 802 557 869 Romanum
603 810 670 869 et
713 804 961 886 regalia
1007 805 1218 869 sancti
1265 803 1445 867 Petri
1492 809 1559 867 et
1602 804 1748 868 iura
1792 804 1997 886 ipsius
2030 805 2319 885 ecclesie,
2370 803 2739 886 specialiter

185 910 242 973 si
292 931 423 992 qua
468 910 696 975 eadem
742 911 1016 975 ecclesia
1061 911 1128 973 in
1175 910 1435 974 civitate
1480 910 1582 974 vel
1628 916 1843 992 terra,
1911 909 1989 975 de
2050 931 2180 993 qua
2218 932 2361 974 sum
2409 911 2738 991 oriunduS,

183 1016 458 1099 habeat,
527 1017 784 1082 adiutor
841 1018 932 1081 eis
989 1038 1099 1082 ero
1146 1016 1229 1081 ad
1278 1015 1751 1081 defendendum
1796 1018 1898 1082 vel
1943 1016 2353 1082 retinendum
2401 1038 2515 1081 seu
2560 1037 2740 1081 recu-

182 1125 549 1207 perandum
615 1129 842 1189 contra
905 1145 1127 1190 omnes
1182 1123 1492 1189 homines.
1588 1123 2078 1190 Tabellionatus
2136 1123 2419 1189 officium
2465 1123 2743 1188 fideliter

183 1230 522 1296 exercebo.
540 1293 557 1302 „
616 1229 1040 1312 ContractuS,
1089 1231 1157 1294 in
1203 1230 1437 1313 quibus
1484 1232 1764 1313 exigitur
1810 1253 2162 1297 consensus
2208 1232 2538 1315 parcium,
2586 1230 2741 1295 fide-

179 1337 339 1402 liter
385 1336 621 1401 faciam
667 1336 759 1401 nil
807 1336 1102 1401 addendo
1148 1337 1250 1401 vel
1296 1337 1642 1403 minuendo
1676 1339 1813 1402 sine
1844 1338 2176 1404 voluntate
2208 1339 2520 1421 parcium,
2571 1338 2742 1420 quod

182 1444 636 1509 substanciam
702 1449 1073 1509 contractus
1134 1445 1430 1509 inmutet.
1534 1444 1602 1509 Si
1667 1466 1819 1510 vero
1883 1446 1952 1508 in
2016 1444 2413 1510 conficiendo
2479 1444 2743 1527 aliquod

180 1551 691 1615 instrumentum
722 1551 911 1615 unius
951 1550 1149 1616 solius
1194 1552 1401 1633 partis
1448 1552 1534 1616 sit
1579 1552 1971 1634 requirenda
2016 1552 2335 1632 voluntaS,
2376 1551 2499 1615 hoc
2530 1552 2742 1633 ipsum

181 1658 447 1739 faciam,
494 1663 570 1722 ut
614 1657 861 1722 scilicet
904 1656 996 1720 nil
1029 1656 1268 1721 addam
1299 1657 1401 1722 vel
1433 1659 1740 1739 minuam,
1792 1658 1963 1740 quod
1995 1659 2271 1722 inmutet
2302 1658 2743 1722 substanciam
2791 1683 2824 1709 ο

181 1760 346 1829 facti
413 1769 639 1829 contra
701 1763 1098 1829 voluntatem
1158 1764 1381 1846 ipsiuS.
1474 1763 2025 1829 Instrumentum1
2089 1788 2214 1830 non
2272 1764 2609 1830 conficiam
2665 1764 2743 1827 de

183 1862 411 1953 aliquo
459 1875 797 1935 contractu
818 1921 833 1952 ,
900 1871 965 1933 in
1015 1893 1142 1954 quo
1191 1872 1392 1936 sciam
1438 1873 1828 1936 intervenire
1875 1872 1976 1936 vel
2020 1871 2420 1936 intercedere
2469 1872 2598 1935 vim
2644 1870 2744 1935 vel

181 1976 505 2042 fraudem.
585 1975 970 2042 Contractus
1016 1978 1083 2041 in
1129 1978 1601 2062 prothocollum
1649 1978 1960 2061 redigam,
2011 1985 2077 2043 et
2120 1985 2467 2062 postquam
2499 1979 2566 2041 in
2597 2000 2741 2060 pro-

181 2083 544 2150 thocollum
573 2082 903 2166 redegero,
943 2083 1274 2149 maliciose
1304 2107 1433 2150 non
1468 2084 1765 2148 differam
1798 2091 2024 2150 contra
2055 2083 2453 2149 voluntatem
2485 2083 2744 2149 illorum

182 2191 284 2255 vel
331 2191 530 2272 illius,
579 2211 854 2273 quorum
887 2196 987 2254 est
1018 2197 1410 2273 contractuS,
1461 2212 1654 2274 super
1688 2213 1762 2256 eo
1796 2191 2110 2257 conficere
2141 2190 2472 2274 publicum
2503 2191 2741 2254 instru-

182 2304 500 2362 mentum.
580 2295 773 2362 Salvo
803 2317 946 2361 meo
978 2297 1150 2362 iusto
1184 2303 1250 2361 et
1294 2304 1600 2362 consueto
1650 2297 1907 2363 salario.
1989 2296 2096 2362 Sic
2142 2318 2243 2361 me
2292 2296 2450 2362 deus
2485 2296 2746 2361 adiuvet

186 2410 254 2468 et
298 2404 423 2468 hec
470 2408 697 2468 sancta
745 2402 848 2467 dei
894 2404 1247 2485 evangelia.
1341 2404 1451 2468 T.2

456 2635 978 2700 Iuramentum
1023 2636 1522 2719 inquisitoris
1559 2628 1906 2700 heretice
1952 2635 2436 2718 pravitatiS.3
2785 2654 2905 2709 Fol.
2944 2651 3027 2707 6¹³.

366 2776 511 2860 Ego
559 2827 573 2841 .
611 2825 624 2839 .
673 2777 1021 2860 inquisitor
1067 2779 1150 2844 ab
1197 2778 1321 2843 hac
1365 2778 1528 2843 hora
1572 2779 1838 2843 inantea
1883 2777 2093 2842 fidelis
2142 2798 2251 2844 ero
2308 2777 2500 2842 beato
2547 2777 2745 2842 Petro

189 2890 542 2966 sancteque
572 2883 867 2950 Romane
914 2885 1182 2951 ecclesie
1230 2892 1297 2951 et
1344 2885 1602 2951 domino
1648 2905 1792 2949 meo
1840 2885 2098 2950 domino
2129 2883 2397 2950 Urbano
2428 2905 2596 2968 pape
2628 2882 2743 2948 VI.

190 2991 457 3073 suisque
506 2991 986 3057 successoribus
1034 2993 1340 3058 canonice
1385 2990 1801 3057 intrantibus.
1880 2991 2024 3055 Non
2056 3012 2166 3056 ero
2212 2992 2279 3054 in
2327 2991 2593 3056 consilio
2634 2996 2749 3055 aut

188 3117 509 3163 consensu
562 3097 665 3162 vel
719 3096 892 3164 facto
913 3147 929 3179 ,
985 3104 1061 3163 ut
1113 3100 1315 3164 vitam
1359 3098 1638 3182 perdant
1691 3104 1807 3164 aut
1850 3097 2214 3163 membrum
2259 3098 2360 3162 vel
2407 3098 2748 3180 capiantur

189 3204 366 3269 mala
400 3205 725 3288 capcione.
806 3202 1161 3270 Consilium
1191 3227 1363 3288 vero,
1413 3205 1587 3288 quod
1633 3227 1751 3289 per
1797 3226 1866 3269 se
1912 3205 2014 3269 vel
2058 3205 2366 3269 nuncium
2414 3226 2600 3269 suum
2646 3203 2748 3268 vel

189 3310 446 3376 litteras
492 3310 689 3376 michi
735 3312 1045 3378 credituri
1093 3318 1271 3394 sunt,
1335 3312 1544 3395 signo,
1601 3310 1799 3376 verbo
1858 3310 1959 3376 vel
2015 3315 2176 3374 nutu
2222 3331 2326 3375 me
2374 3311 2617 3375 sciente
2664 3310 2746 3375 ad

194 3436 418 3482 eorum
482 3418 834 3501 dampnum
899 3440 1016 3483 seu
1076 3418 1503 3503 preiudicium
1566 3418 1810 3482 nemini
1873 3416 2175 3500 pandam.
2269 3417 2339 3483 Si
2395 3417 2748 3500 dampnum

195 3543 419 3588 eorum
462 3526 735 3590 tractari
782 3526 1049 3608 scivero,
1097 3546 1214 3608 pro
1259 3545 1450 3608 posse
1496 3545 1640 3589 meo
1686 3522 2053 3606 impediam,
2101 3545 2182 3588 ne
2227 3522 2363 3589 fiat.
2458 3521 2647 3604 Quod
2694 3524 2749 3587 si

196 3650 309 3711 per
339 3651 443 3695 me
489 3615 806 3714 impedire
837 3654 966 3697 non
996 3652 1274 3716 possem,
1322 3652 1439 3714 per
1484 3631 1792 3695 nuncium
1825 3636 1940 3695 aut
1969 3630 2222 3694 litteras
2257 3632 2349 3695 eis
2383 3629 2748 3713 significare

196 3736 437 3803 curabo
504 3737 603 3801 vel
666 3737 762 3801 illi
785 3787 800 3818 ‚
867 3759 983 3822 per
1046 3759 1239 3821 quem
1305 3737 1502 3802 cicius
1568 3736 1655 3802 ad
1718 3758 1939 3802 eorum
2000 3737 2308 3803 noticiam
2369 3734 2745 3800 deducatur.

201 3839 498 3907 Officium
552 3843 998 3926 inquisicionis
1052 3844 1249 3910 michi
1305 3844 1719 3909 commissum
1774 3843 2055 3908 fideliter
2108 3864 2329 3926 geram
2385 3849 2453 3907 et
2497 3841 2748 3908 solicite

200 3947 529 4031 exercebo,
576 3971 768 4032 prece
814 3950 916 4015 vel
961 3953 1198 4035 precio,
1256 3951 1475 4017 favore
1521 3951 1622 4015 .vel
1671 3950 1817 4016 odio
1866 3973 1906 4015 a
1949 3951 2209 4015 iusticia
2255 3971 2382 4015 non
2428 3948 2747 4029 recedam,

203 4055 402 4120 eciam
466 4076 667 4139 penas
735 4078 847 4121 seu
904 4059 1304 4141 penitencias
1368 4057 1726 4141 mitigando
1787 4059 1887 4122 vel
1950 4055 2303 4122 relaxando
2362 4078 2477 4121 seu
2530 4057 2598 4120 in
2656 4056 2748 4120 eis

203 4159 360 4227 alias
394 4162 849 4246 dispensando.
927 4163 1136 4247 Dona,
1170 4187 1441 4230 munera
1474 4186 1588 4231 seu
1636 4166 1902 4230 encenia
1947 4170 2063 4229 aut
2108 4162 2579 4246 obligacionem
2635 4183 2749 4227 seu

205 4270 691 4348 promissionem
725 4292 919 4353 super
948 4271 1077 4336 illis
1109 4293 1226 4356 per
1254 4292 1358 4336 me
1389 4272 1491 4336 vel
1523 4272 1723 4336 alium
1756 4293 1872 4337 seu
1902 4271 2064 4336 alios
2112 4292 2153 4335 a
2188 4270 2481 4354 personis
2531 4291 2748 4335 coram

207 4392 302 4438 me
348 4398 578 4441 causas
624 4376 1015 4442 habentibus
1064 4398 1179 4442 seu
1225 4377 1308 4443 ab
1356 4379 1504 4461 alijs
1546 4392 1668 4461 pro
1707 4377 1951 4443 eisdem
1983 4400 2100 4461 pro
2132 4377 2515 4461 penitencijs
2546 4377 2747 4460 impo-

378 4572 396 4604 ¹
433 4572 462 4626 I
499 4590 598 4628 aus
634 4575 655 4627 i
690 4574 793 4628 mit
815 4573 1120 4630 schwarzer
1142 4573 1325 4630 Tinte.
1437 4574 1458 4607 ²
1494 4572 1605 4629 Rot
1631 4574 1839 4630 wieder
1871 4574 2372 4645 durchgestrichen.
2484 4573 2507 4604 ⁸
2543 4573 2749 4628 Hierzu

212 4671 295 4710 ²111
327 4658 546 4717 Raude:
582 4662 789 4720 Forma
823 4664 1119 4719 iuramenti
1153 4681 1255 4735 per
1289 4665 1642 4736 inquisitores
1679 4663 1918 4719 heretice
1954 4666 2245 4736 pravitatis
2282 4664 2581 4735 prestandi.
