3242 5184
1374 287 1805 330 *XI—-

2748 446 2869 488 seito

312 513 788 596 Iuramentum‚
857 513 1031 597 quod
1094 514 1527 597 praestabunt
1590 514 1847 580 domino
1911 515 2441 581 vicecancellario
2507 516 2645 581 eius

489 620 830 686 domestici
877 627 944 686 et
989 621 1101 685 alii
1147 620 1502 686 familiares
1630 671 2643 688 ..........
2829 628 2867 688 2

308 726 674 809 Antiquum
737 729 1174 793 iuramentum
1240 727 1658 811 scriptorum,
1726 729 1840 811 qui
1904 727 2202 793 solebant
2258 728 2646 794 distribuere

486 834 742 900 litteras
780 834 1232 900 rescribendas
1280 835 1709 901 cancellariae
1757 836 2077 901 duntaxat
2186 884 2642 901 .....
2828 841 2867 902 3

308 939 761 1007 Iuramentum,
802 941 1305 1027 rescribendarii
1352 942 1431 1008 de
1478 942 1691 1026 gratia
1739 991 2644 1008 .........
2827 948 2868 1008 4

307 1047 758 1113 Iuramentum
803 1048 1305 1114 rescribendarii
1345 1048 1422 1115 de
1462 1048 1727 1132 justitia
1854 1098 2643 1114 ........
2828 1055 2866 1116 5

307 1152 755 1220 Iuramentum
838 1157 1355 1221 auscultatorum
1421 1162 1486 1221 et
1561 1162 2063 1240 conputatorum
2135 1156 2502 1221 litterarum
2567 1158 2646 1222 de

487 1262 740 1328 iustitia
784 1264 854 1327 in
901 1265 1292 1330 correctoria
1404 1312 2641 1329 ............
2828 1269 2866 1330 6

309 1367 756 1433 Iuramentnm
802 1370 1337 1451 auscultantium'
1359 1371 1427 1434 in
1474 1370 1863 1435 cancellaria
1965 1419 2642 1435 .......
2828 1374 2866 1435 6

308 1474 757 1540 Iuramentum
802 1476 1117 1543 lectorum
1163 1477 1529 1541 litterarum
1582 1479 1651 1541 in
1706 1477 2039 1542 audientia
2094 1476 2646 1542 contradictarum
2828 1481 2865 1541 6

306 1582 756 1647 Iuramentum
803 1585 1191 1666 scriptorum
1236 1583 1602 1649 litterarum
1650 1583 2189 1668 apostolicarum1
2295 1633 2308 1647 .
2406 1633 2419 1647 .
2516 1632 2529 1646 .
2628 1633 2641 1646 .
2829 1587 2861 1648 7

306 1688 754 1779 Iuramentum
801 1690 1327 1756 abbreviatorum
1406 1738 2530 1755 ...........
2627 1739 2646 1754 .
2829 1694 2861 1754 7

305 1795 754 1860 Iuramentum
800 1803 1295 1880 procuratorum
1341 1798 1712 1862 audientiae
1750 1796 2302 1862 contradictarum
2339 1803 2405 1862 et
2450 1796 2642 1860 advo-

487 1908 778 1967 catorum
851 1952 2639 1969 .................
2824 1908 2863 1969 8
2897 1933 2901 1937 ⁴

305 2009 573 2074 Additio
627 2015 886 2092 reperta
942 2031 1021 2075 ex
1077 2012 1363 2093 antiquis
1418 2011 1801 2076 iuramentis
1858 2010 2286 2075 cancellariae
2334 2011 2417 2075 ad
2470 2012 2642 2075 iura-

483 2121 772 2181 mentum
817 2105 1340 2200 procuratorum⁴
1405 2166 2638 2183 ............
2823 2122 2862 2183 8

304 2222 752 2289 Iuramentum
799 2224 1170 2290 auditorum
1216 2224 1448 2307 palatii
1515 2273 2638 2288 ...........
2824 2231 2861 2291 9

304 2329 753 2394 Iuramentum
800 2332 1201 2404 notariorum
1246 2330 1475 2417 palatii
1519 2379 2639 2396 ...........
2783 2336 2863 2397 10

307 2437 755 2502 Iuramentum
807 2459 1002 2521 super
1047 2438 1509 2504 tabellionatus
1558 2436 1772 2503 officio
1850 2487 2638 2502 ........
2784 2443 2863 2503 10

306 2543 757 2608 Iuramentum
804 2546 1209 2627 inquisitoris
1259 2544 1627 2610 haereticae
1673 2544 2015 2628 pravitatis
2033 2544 2058 2583 2
2183 2593 2198 2610 .
2293 2594 2307 2607 .
2404 2594 2417 2608 .
2454 2602 2460 2607 .
2514 2594 2528 2608 .
2626 2594 2639 2609 .
2784 2549 2856 2608 11

302 2649 753 2716 Iuramentum
817 2652 1375 2735 abbreviatorum‚
1442 2652 1554 2734 qui
1608 2657 1835 2716 tenent
1890 2672 2179 2716 cameras
2236 2651 2639 2716 dominorum

480 2759 1071 2841 protonotariorum
1084 2758 1110 2797 3
1182 2807 2637 2823 ..............
2782 2762 2808 2822 1
2823 2763 2861 2824 2

302 2864 749 2930 Iuramentum
791 2857 1308 2929 examinancium
1346 2865 1411 2928 in
1448 2864 1746 2930 Romana
1785 2866 1966 2930 curia
2012 2864 2469 2947 deputatorum
2518 2872 2637 2930 etc.
2782 2871 2861 2930 13

301 2971 505 3036 Tituli
553 2973 1069 3037 examinatarum
1115 2993 1537 3055 personarum
1583 2978 1687 3037 etc
1693 3021 2637 3047 ..........
2783 2977 2860 3037 13

302 3078 544 3143 Forma
599 3080 948 3143 iuramenti
992 3078 1638 3167 poenitentiariorum
1743 3129 2637 3144 .........
2782 3084 2860 3144 13

298 3184 572 3251 Initium
620 3185 937 3268 evangelii
985 3185 1339 3251 secundum
1386 3185 1718 3251 dominum
1765 3185 2120 3251 Iohannem
2179 3235 2634 3251 .....
2779 3189 2860 3251 14

432 3284 447 3296 “
482 3292 835 3357 secundum
880 3291 1129 3357 Lucam
1178 3342 2634 3357 ..............
2779 3296 2858 3357 15

299 3399 527 3464 Lectio
575 3401 786 3464 sancti
832 3398 1149 3483 evangelii
1196 3399 1551 3464 secundum
1598 3399 2006 3464 Matthaeum
2066 3448 2634 3463 ......
2780 3403 2858 3464 15

299 3505 527 3572 Lectio
576 3507 787 3571 sancti
834 3505 1151 3589 evangelii
1197 3505 1551 3571 secundum
1597 3506 1892 3571 Marcum
1954 3555 2633 3569 .......
2778 3509 2858 3572 16

297 3612 526 3678 Lectio
574 3615 784 3678 sancti
830 3612 1145 3697 evangelii
1191 3611 1546 3687 secundum
1592 3612 1842 3677 Lucam
1956 3661 2633 3677 .......
2779 3616 2858 3677 16

299 3718 676 3801 Sequuntur
722 3720 878 3785 ordo
927 3726 994 3785 et
1028 3720 1205 3784 tituli
1244 3720 1650 3784 dominorum
1690 3720 2120 3784 cardinalium
2158 3718 2469 3784 ecclesiae
2504 3719 2635 3783 Ro-

477 3848 710 3891 manae
758 3831 1212 3892 sacrosanctae
1283 3874 2632 3891 .............
2777 3830 2855 3890 16

297 3933 674 3999 Destructio
714 3924 994 3999 civitatis
1032 3933 1456 3998 Penestrinae
1504 3955 1581 3997 ac
1628 3934 1869 3999 creatio
1909 3955 2024 3998 seu
2062 3934 2300 3999 erectio
2339 3932 2635 3997 Civitatis

475 4041 730 4124 papalis
844 4089 1967 4105 ...........
2005 4118 2010 4122 ᾗ
2064 4089 2631 4104 ......
2777 4045 2855 4105 18

297 4146 717 4229 Captationes
767 4146 1081 4229 speciales
1128 4147 1270 4212 loco
1318 4147 1731 4212 salutationis
1844 4196 2631 4211 ........
2777 4150 2854 4212 19

478 4362 496 4393 ²
535 4361 703 4417 Gedr.
742 4361 971 4430 Merkel,
1012 4361 1359 4416 Documenta
1395 4362 1626 4432 aliquot,
1666 4380 1810 4432 quae
1846 4363 1918 4416 ad
1943 4361 2179 4416 Romani
2211 4361 2486 4431 pontificis
2522 4363 2765 4416 notarios
2803 4371 2858 4415 et

297 4451 531 4505 curiales
568 4453 847 4520 pertinent
882 4453 958 4504 im
995 4451 1220 4507 Archiv.
1259 4457 1387 4506 stor.
1427 4451 1550 4505 Ital.
1589 4452 1917 4521 Appendice
1953 4450 2020 4506 V.
2072 4451 2301 4505 Firenze
2343 4456 2494 4505 1847.
2545 4450 2599 4504 S.
2630 4454 2746 4503 145.

298 4540 320 4571 ²
358 4538 526 4594 Gedr.
553 4539 816 4609 Lindner‚
852 4541 1115 4610 Beitrage
1147 4558 1215 4594 zu
1250 4542 1374 4595 dem
1401 4541 1598 4596 Leben
1622 4536 1880 4595 und‘den
1905 4538 2181 4594 Schriften
2206 4539 2382 4594 Dietr.
2409 4558 2520 4596 von
2545 4539 2615 4594 N.
2652 4541 2710 4593 in
2747 4539 2856 4593 den

295 4629 519 4683 Forsch.
557 4647 656 4682 zur
690 4629 1008 4684 Deutschen
1035 4626 1231 4684 Gesch.
1259 4629 1419 4697 XXI,
1461 4633 1525 4682 72
1560 4628 1827 4683 Anmerk.
1975 4628 1996 4659 ³
2033 4628 2200 4684 Gedr.
2240 4629 2488 4683 Lindner
2523 4647 2572 4684 a.
2600 4647 2648 4683 a.
2677 4628 2741 4683 Ο.
2772 4633 2852 4682 73.
