3242 5184
192 905 310 960 Fol.
353 910 418 960 89
431 912 468 959 ⁸.

191 3931 311 3987 Fol.
353 3938 419 3987 89
432 3931 471 3985 b.

1539 297 2026 360 -172fl

506 475 750 541 Verum
783 477 838 540 si
867 475 1081 542 littere
1114 474 1387 540 curiales
1421 480 1487 540 et
1515 474 1927 541 rescribende
1957 476 2160 560 gratis
2209 473 2547 541 scribende
2594 472 2788 538 simul
2833 493 3047 538 occur-

507 590 674 665 rant,
720 584 1051 666 negotium
1097 604 1354 666 semper
1400 583 1576 648 curie
1624 581 2006 666 preferatur.

788 885 1187 971 nlohannesl
1235 887 1575 970 episcopus
1624 906 1849 950 servus
1882 907 2214 952 servorum
2247 885 2370 950 dei.
2451 885 2563 950 Ad
2610 890 3053 969 perpetuam

860 993 969 1058 rei
1008 994 1463 1059 memoriam.
1544 992 1762 1059 Anno
1810 1016 1849 1057 a
1895 994 2308 1058 nativitate
2356 992 2641 1058 domini
2688 996 2761 1057 et
2805 1011 3054 1056 mense

862 1100 1140 1183 quibus
1173 1122 1422 1184 supra.
1501 1099 1712 1165 Idem
1754 1122 2086 1165 summus
2134 1100 2484 1184 pontifex
2530 1098 3054 1165 ordinationes

860 1206 1437 1291 infrascriptaS,
1471 1228 1661 1290 quas
1710 1208 1915 1271 circa
1960 1206 2582 1272 reformationem
2630 1203 3055 1293 offitior'um

859 1313 1504 1380 vicecancellarie
1537 1320 1803 1379 sancte
1835 1314 2167 1379 Romane
2200 1313 2528 1379 ecclesie
2576 1312 2900 1393 fecerat,
2933 1331 3058 1395 per

862 1442 997 1485 nos
1060 1419 1371 1486 Petrum
1448 1420 1568 1486 dei
1643 1422 1897 1504 gratia
1972 1422 2412 1504 episcopum
2488 1419 3054 1499 Penestrinum,

863 1526 1201 1593 eiusdem
1265 1528 1909 1595 vicecancellarie
1975 1535 2364 1610 gerentem
2425 1527 2801 1608 officium,
2870 1547 3055 1590 anno

861 1635 1371 1718 pontificatus
1412 1636 1530 1700 sui
1567 1635 1921 1719 predicto
1959 1635 2346 1719 publicari
2384 1633 2792 1700 mandavit.
2866 1632 3055 1716 Qua-

860 1742 1621 1808 rumordinationum
1655 1749 1875 1807 tenor
1905 1741 2088 1807 talis
2122 1748 2264 1807 est:
2307 1740 2892 1807 Paterfamilias
2927 1747 3054 1806 etc.

686 1902 1200 1967 Paterfamilias2
1246 1923 1362 1986 per
1392 1904 1562 1967 viam
1594 1902 2047 1968 mandatorum
2081 1902 2324 1968 domini
2355 1901 2658 1967 incedens
2692 1908 2758 1966 et
2788 1902 3060 1985 diligens

507 1994 822 2075 familiam
879 2009 1106 2074 domus
1163 2031 1277 2074 sue
1331 2009 1426 2073 illi
1479 2009 1749 2075 honeste
1804 2007 2060 2073 vivendi
2113 2016 2418 2092 recteque
2484 2008 2716 2092 agendi
2768 2030 3059 2076 normam

507 2118 737 2182 tribuit
772 2123 839 2181 et
868 2116 1129 2181 modum
1175 2117 1466 2200 imponit,
1516 2116 1752 2198 quibus
1799 2123 2064 2198 regatur
2109 2123 2175 2181 et
2220 2116 2538 2199 dirigatur
2583 2116 2955 2196 salubriter,
3004 2120 3062 2179 et

509 2224 797 2291 modeste
843 2225 908 2286 in
955 2244 1093 2304 eoS,
1155 2224 1266 2306 qui
1321 2246 1360 2288 a
1413 2229 1589 2288 recto
1648 2222 1935 2304 deviant,
1983 2225 2227 2307 virgam
2277 2224 2688 2289 correctionis
2737 2244 3059 2302 exercenS,

508 2353 636 2413 que
693 2330 822 2394 illis
883 2328 968 2394 ad
1023 2329 1340 2394 medelam
1396 2331 1732 2413 proveniat
1786 2337 1851 2395 et
1907 2330 2224 2395 cautelam
2291 2330 2564 2414 prebeat
2625 2332 2922 2411 inantea,
2987 2350 3060 2393 ne

511 2438 810 2503 delirent.
913 2436 1047 2501 Nos
1114 2458 1295 2516 sane,
1361 2438 1474 2520 qui
1537 2437 1691 2501 licet
1751 2438 2056 2501 immeriti
2121 2458 2315 2520 super
2380 2443 2601 2502 sancte
2668 2436 2898 2502 domus
2966 2436 3062 2500 dei

509 2544 821 2609 familiam
869 2564 949 2608 ex
997 2543 1416 2626 dispositione
1450 2567 1569 2609 sua
1605 2543 1982 2627 prelationis
2030 2543 2305 2608 offitium
2352 2565 2747 2625 exercemuS,
2797 2542 2883 2608 ad
2931 2541 3060 2608 offi-

510 2651 706 2715 ciales
739 2657 1018 2731 nostroS,
1057 2652 1385 2717 ministros
1434 2658 1498 2716 et
1544 2651 1705 2716 alios
1739 2652 2068 2733 operarios
2102 2651 2483 2716 cancellarie
2519 2657 2740 2716 sancte
2772 2649 3061 2716 Romane

509 2758 780 2823 ecclesie
839 2763 1061 2822 nostre
1125 2757 1656 2822 considerationis
1722 2764 1968 2822 attente
2020 2758 2259 2822 intuitu
2316 2764 2799 2837 convertenteS,
2871 2752 3056 2837 officij

509 2865 715 2929 nostri
761 2862 979 2930 debito
1027 2864 1351 2947 exigente,
1415 2863 1838 2949 suadentibus
1887 2885 2144 2947 quoque
2191 2864 2683 2947 quamplurimis
2715 2862 3059 2929 rationabi-

508 2972 679 3036 libus
728 2972 962 3052 causiS,
1012 2969 1095 3035 ad
1143 2971 1438 3035 decorem
1486 2978 1551 3036 et
1605 2969 1801 3035 decus
1858 2970 2144 3036 eiusdem
2200 2970 2602 3052 cancellarie,
2659 2971 2753 3036 rei
2807 2970 3060 3053 publice

509 3078 818 3144 honorem
851 3084 918 3143 et
955 3077 1382 3158 commodum,
1431 3078 1892 3143 confluentium
1940 3099 2197 3160 quoque
2244 3079 2412 3142 inter
2458 3084 2674 3143 cetera
2705 3099 2783 3142 ex
2814 3077 3058 3142 cunctis

511 3184 686 3250 orbis
719 3185 1013 3268 partibus
1048 3184 1132 3249 ad
1164 3185 1384 3249 sedem
1417 3185 1839 3268 apostolicam
1871 3208 1987 3269 pro
2020 3185 2248 3268 gratijs
2283 3192 2349 3251 et
2393 3185 2651 3249 iusticia
2697 3182 3056 3250 obtinendis

511 3292 985 3356 alleviationem
1018 3292 1384 3376 benignam,
1421 3291 1896 3374 expeditionem
1944 3292 2216 3358 celerem
2272 3298 2336 3356 et
2391 3291 2752 3375 profectum
2799 3313 2880 3356 ac
2927 3288 3055 3354 offi-

511 3398 793 3479 cialium,
844 3399 1283 3464 ministrorum
1331 3405 1398 3463 et
1444 3400 1885 3482 operariorum
1941 3399 2379 3483 predictorum
2428 3399 2837 3463 attentiorem
2888 3418 3054 3462 exer-

512 3506 903 3585 citationem,
937 3505 1291 3588 pleniorem
1323 3505 1842 3572 informationem
1877 3513 1942 3571 et
1972 3508 2356 3571 tenatiorem
2389 3506 3053 3571 commemorationem

512 3617 760 3677 statuta
792 3618 858 3675 et
889 3611 1346 3693 ordinationeS,
1378 3633 1504 3694 que
1536 3611 1706 3677 infra
1736 3614 2107 3678 inseruntur
2136 3612 2614 3697 particulariter
2644 3618 2709 3677 et
2739 3611 3051 3688 distincte,

511 3718 896 3784 auctoritate
961 3718 1317 3801 apostolica
1381 3718 1630 3783 edimus
1698 3726 1764 3784 et
1826 3741 1903 3785 ea
1966 3722 2356 3805 precipimus
2421 3719 2752 3803 perpetuis
2829 3716 3049 3783 futuris

510 3825 913 3909 temporibus
959 3825 1420 3891 inviolabiliter
1465 3826 1814 3891 observari.

694 3937 718 4016 ΙΙ
742 3931 1103 3997 Statuimus
1136 3932 1336 4015 igitur
1367 3939 1433 3997 et
1463 3935 1659 3998 etiam
1691 3933 2086 4015 ordinamUS,
2108 3934 2278 4017 quod
2314 3933 2544 4016 notarij
2581 3934 2788 3998 nostri
2819 3931 3048 4007 fideleS,

511 4039 714 4104 bonos
761 4045 827 4103 et
872 4046 1171 4123 expertos
1222 4039 1703 4105 abbreviatores
1750 4040 2053 4121 habeant,
2102 4042 2215 4123 qui
2260 4039 2581 4123 siquidem
2612 4061 2803 4104 suum
2834 4037 3046 4103 abbre-

510 4145 809 4210 viationis
843 4145 1118 4211 offitium
1151 4152 1495 4211 exerceant
1524 4168 1600 4210 ac
1633 4147 1978 4212 observent
2007 4148 2367 4213 taxationes
2400 4145 2669 4212 inferius
2692 4146 3044 4229 designatas

692 4396 709 4427 ¹
747 4396 859 4449 Am
885 4395 1089 4451 oberen
1114 4396 1309 4451 Raude
1335 4415 1445 4452 von
1470 4397 1706 4451 andei-er
1729 4396 1926 4451 Hand:
1953 4399 2368 4452 constitutiones
2392 4396 2732 4452 cancellarie.
2844 4396 2865 4427 ⁹
2887 4390 3042 4449 Reich

509 4486 804 4541 verziertes
839 4484 888 4538 P
923 4487 981 4538 in
1017 4484 1151 4540 blau
1188 4486 1300 4538 und
1338 4491 1440 4541 rot.
1515 4485 1627 4540 Die
1670 4490 1870 4540 untern
1912 4486 2398 4558 rankenformigen
2434 4486 2843 4556 Verzierungcn
2879 4481 3041 4554 gehen

509 4574 649 4629 iiber
694 4574 803 4630 den
851 4574 996 4631 Text
1037 4573 1261 4645 hinaus',
1308 4575 1418 4631 fast
1462 4574 1549 4629 bis
1592 4591 1695 4629 ans
1741 4573 1898 4630 Ende
1943 4575 2042 4634 der
2088 4574 2250 4633 Seite.
2324 4576 2391 4633 In
2438 4576 2547 4630 den
2583 4574 2842 4634 Ranken:
2894 4571 2945 4627 S.
2979 4569 3040 4623 de

512 4663 736 4735 Aquila.
