3242 5184
1229 346 1317 357 ——
1411 306 1527 374 131
1628 352 1715 359 —

467 485 579 551 Ad
624 486 839 552 idem.

374 627 677 695 Presenti
731 629 811 693 de
866 636 1079 694 cetero
1135 630 1434 695 duximus
1491 630 1935 713 statuendum,
1983 652 2064 695 ne
2111 653 2150 695 a
2197 631 2348 696 sede
2395 632 2752 715 apostolica

201 735 298 799 vel
349 735 586 817 legatis
638 737 843 819 ipsius
900 758 1093 802 cause
1149 737 1475 820 aliquibus
1532 740 2036 820 committantur,
2093 739 2218 802 nisi
2264 741 2578 822 personis,
2626 760 2752 822 que

199 842 299 906 vel
362 841 681 925 dignitate
715 846 877 910 =sint
938 844 1189 928 predite
1253 844 1354 909 vel
1416 846 1483 909 in
1540 846 1829 929 ecclesijs
1886 844 2366 910 cathedralibus
2433 867 2547 911 seu
2605 846 2750 929 alijs

200 948 556 1032 collegiatis
620 950 1107 1016 honorabilibus
1171 953 1485 1017 institute.
1596 952 1732 1017 Nec
1796 952 1955 1018 alibi
2009 974 2205 1035 quam
2258 953 2326 1016 in
2382 953 2751 1018 civitatibus

198 1056 295 1119 vel
357 1056 521 1122 locis
577 1060 830 1141 magnis
886 1065 952 1123 et
1003 1058 1394 1142 insignibuS,
1455 1059 1568 1124 ubi
1613 1059 1843 1125 haberi
1889 1060 2104 1125 valeat
2146 1061 2304 1124 iuris
2353 1061 2539 1145 copia
2583 1062 2752 1144 peri—

198 1169 439 1246 torum,
491 1186 685 1230 cause
732 1165 1102 1230 huiusmodi
1147 1167 1492 1247 agitentur.
1584 1166 1919 1232 Iudicibus
1973 1189 2155 1249 11010,
2205 1169 2316 1250 qui
2364 1174 2588 1232 contra
2631 1167 2754 1233 hoc

199 1277 517 1336 statutum
564 1273 647 1336 ad
695 1272 825 1337 alia
878 1272 1022 1337 loca
1076 1272 1455 1337 alterutram
1510 1274 1794 1356 partium
1841 1275 2181 1339 citaverint
2233 1275 2334 1338 vel
2388 1281 2751 1357 utramque,

197 1399 319 1442 non
364 1385 680 1462 pareatur
722 1381 1004 1464 impune,
1051 1381 1177 1443 nisi
1208 1381 1430 1445 citatio
1477 1380 1556 1445 de
1603 1368 1927 1445 communi
1972 1382 2309 1463 utriusque
2355 1384 2561 1464 partis
2607 1404 2752 1466 pro-

195 1486 472 1551 cesserit
513 1487 859 1552 voluntate.

464 1683 579 1747 Ad
625 1683 840 1748 idem.

367 1836 448 1893 In
504 1825 925 1891 electionibus
982 1832 1047 1891 et
1099 1825 1644 1910 postulationibus
1702 1848 1780 1890 ac
1834 1827 2184 1910 scrutinijs,
2241 1848 2320 1891 ex
2367 1827 2602 1910 quibus
2649 1829 2750 1891 ius

195 1934 399 1997 oritur
460 1932 767 2015 eligendi,
824 1939 975 1997 vota
1030 1933 1517 2015 conditionalia,
1584 1932 1973 1998 alternativa
2036 1941 2102 1999 et
2153 1935 2439 1999 incertal
2493 1936 2750 2018 penitus

192 2038 643 2122 reprobamUS,
692 2046 1074 2122 statuentes,
1122 2046 1213 2122 ut,
1246 2040 1617 2105 huiusmodi
1658 2042 1824 2106 votis
1857 2063 1973 2124 pro
2015 2063 2142 2106 non
2184 2041 2452 2106 adiectis
2486 2041 2750 2123 habitis,

194 2166 269 2208 ex
314 2147 500 2230 puris
549 2146 972 2222 consensibus
1022 2146 1385 2212 celebretur
1439 2148 1689 2229 electio,
1735 2169 1890 2211 voce
1936 2149 2214 2230 illorum,
2262 2151 2374 2232 qui
2419 2171 2544 2212 non
2592 2168 2751 2232 pure

193 2254 659 2337 consenserint,
709 2274 787 2318 ea
831 2254 968 2318 vice
1014 2254 1080 2317 111
1126 2254 1289 2318 alios
1335 2254 1684 2321 recidente.

461 2448 577 2514 Ad
621 2449 875 2514 idem2.

369 2591 765 2684 StatuimuS,
831 2599 905 2656 ut
965 2599 1477 2674 conservatores»,
1544 2614 1708 2675 quos
1772 2593 2151 2676 plerumque
2216 2592 2645 2674 concedimus,
2711 2614 2752 2657 a

190 2700 555 2764 manifestis
601 2699 923 2781 violentijs
986 2705 1052 2763 et
1102 2700 1355 2782 iniurijs
1404 2699 1748 2764 defendere
1795 2701 2063 2783 possint,
2112 2722 2273 2783 quos
2321 2702 2413 2763 eis
2461 2701 2750 2765 commit·-

189 2808 386 2871 timus
439 2806 897 2887 defendendos,
944 2827 1063 2870 nec
1111 2806 1193 2869 ad
1241 2806 1389 2887 alia,
1455 2827 1581 2889 que
1628 2807 1994 2870 iudicialem
2041 2806 2408 2889 indaginem
2466 2809 2749 2889 exigunt,

190 2935 374 2978 suam
424 2914 685 2979 valeant
731 2913 1074 2979 extendere
1120 2919 1528 2997 potestatem.

457 3110 572 3175 Ad
617 3109 832 3176 idem.

366 3253 541 3317 Iuris
596 3274 738 3317 esse
805 3252 1178 3335 ambiguum
1241 3274 1371 3317 non
1434 3251 1687 3316 videtur
1714 3249 2015 3315 ’iudicem
2071 3251 2475 3334 delegatum,
2542 3253 2654 3334 qui
2709 3273 2750 3316 a

190 3359 342 3426 sede
379 3365 407 3445 ΙΙ
445 3359 803 3444 apostolica
841 3360 923 3424 ad
962 3358 1085 3423 hoc
1117 3359 1493 3424 mandatum
1526 3381 1655 3423 non
1684 3360 2002 3441 receperit
2032 3358 2330 3442 speciale,
2364 3359 2587 3423 iubere
2620 3380 2748 3422 non
2802 3374 2920 3430 Fol.
2945 3381 3010 3427 68
3025 3375 3063 3428 b.

189 3488 380 3549 posse
440 3467 818 3532 alterutram
873 3467 1157 3550 partium
1213 3487 1431 3530 coram
1488 3487 1557 3530 se
1612 3465 2041 3549 personaliter
2092 3465 2159 3528 in
2213 3464 2443 3530 iuditio
2492 3487 2746 3548 compa-

189 3595 351 3656 rere,
421 3575 546 3639 nisi
611 3594 811 3638 causa
865 3573 1060 3638 fuerit
1113 3571 1466 3636 criminalis
1513 3572 1614 3637 vel
1672 3573 1798 3636 nisi
1843 3594 1960 3655 pro
2007 3573 2279 3636 veritate
2326 3572 2599 3637 dicenda
2645 3571 2746 3635 vel

189 3681 553 3747 iuramento
599 3680 961 3764 calumpnie
1006 3679 1301 3744 faciendo
1330 3680 1490 3743 iuris
1536 3680 1890 3744 necessitas
1938 3686 2156 3761 partes
2213 3701 2432 3744 coram
2478 3701 2554 3745 eo
2599 3701 2744 3762 per-

191 3788 504 3853 sonaliter
548 3788 835 3870 exegerit
875 3787 1259 3870 presentari.

456 3983 573 4049 Ad
619 3982 833 4048 idem.

363 4126 787 4209 Exceptionis
843 4126 1277 4210 peremptorie
1333 4146 1450 4189 seu
1517 4125 1909 4190 defensionis
1964 4123 2312 4190 cuiuslibet
2364 4124 2741 4207 principalis

195 4235 622 4316 cognitionem
653 4234 893 4316 negotij
929 4233 1363 4315 contingentis
1380 4237 1406 4276 3
1436 4239 1587 4297 ante
1617 4232 1798 4296 litem
1831 4236 2261 4296 contestatam
2282 4230 2595 4312 obiectus,
2617 4232 2743 4294 nisi

197 4339 270 4404 de
313 4362 387 4406 re
432 4341 722 4405 iudicata
765 4340 867 4404 vel
920 4345 1258 4404 transacta
1312 4359 1428 4403 seu
1485 4338 1673 4402 finita
1726 4338 2010 4421 excipiat
2051 4337 2362 4420 litigator,
2410 4338 2544 4402 litis
2592 4359 2740 4402 con-

367 4593 385 4623 ¹
424 4590 660 4645 Hdschr.
688 4592 906 4645 inserta.
1053 4590 1076 4623 ²
1111 4589 1389 4658 Zweimal,
1427 4588 1630 4644 einmal
1656 4606 1746 4642 am
1772 4588 1928 4643 Ende
1965 4588 2062 4643 der
2096 4588 2600 4659 vorhergehenden,
2641 4582 2741 4642 das
2799 4588 2806 4595 '

198 4681 391 4736 andere
426 4681 542 4735 Mal
580 4698 668 4735 am
708 4680 863 4734 Ende
901 4681 999 4734 der
1035 4679 1330 4751 folgenden
1367 4678 1530 4733 Zeile,
1712 4676 1733 4708 ³
1770 4678 2001 4734 Hdschr.
2038 4679 2382 4733 continentie.

2244 4766 2314 4820 9*
