3242 5184
1276 296 1583 403 -,ξ13
1675 336 1765 342 -—-

415 473 734 539 Dominus
766 471 1086 537 Henricus
1107 471 1478 554 Godebarn,
1512 472 1738 537 doctor
1770 474 2105 556 utriusque
2134 475 2315 556 iuris,
2348 475 2471 539 fuit
2499 482 2799 560 receptus

192 583 273 646 111
334 580 715 646 auditorem
763 585 831 645 et
873 580 1110 643 iuravit
1155 579 1439 643 officium
1486 580 1713 645 eadem
1760 579 1884 645 die.

415 688 734 765 Dominus
780 685 1086 752 Nicolaus
1135 687 1214 752 de
1251 683 1565 769 Vivianis,
1613 687 2039 752 decretorum,
2065 687 2308 770 doctor,
2346 688 2471 753 fuit
2501 697 2799 774 receptus

195 798 276 860 in
336 795 716 860 auditorem
764 800 830 860 et
874 794 1112 858 iuravit
1158 794 1261 859 die
1307 792 1424 858 VI.
1474 792 1795 860 Octobris,

418 901 833 969 Continuavit
863 901 1107 965 curiam
1138 900 1502 966 Romanam
1548 923 1754 984 usque
1803 901 1885 966 ad
1932 925 2172 967 annum
2219 902 2697 969 MGGGGXVII
2734 910 2803 970 et

200 1010 452 1075 adhuc
500 1009 836 1074 continuat
883 1029 1079 1091 super
1124 1007 1394 1073 diversis
1443 1007 1676 1093 officijs
1725 1015 1792 1075 et
1834 1031 2005 1074 nunc
2055 1016 2157 1075 est
2205 1011 2545 1095 episcopus
2578 1011 2800 1094 Spole·

200 1123 455 1182 tanus.
477 1115 499 1154 ¹

416 1224 735 1296 Dominus
797 1223 1116 1306 Rogerius
1181 1221 1448 1306 Nicolay
1514 1222 1594 1289 de
1653 1221 2034 1306 Antigualla
2081 1222 2161 1288 de
2214 1223 2519 1307 Perusio,
2583 1224 2801 1308 legum

204 1334 486 1413 doctor,
533 1331 657 1396 fuit
691 1335 988 1413 receptus
1020 1331 1088 1394 in
1134 1329 1517 1394 advocatum
1564 1328 2079 1395 consistorialem
2126 1336 2193 1396 et
2235 1331 2472 1396 iuravit
2516 1331 2801 1398 officium

208 1439 419 1504 Luce
466 1437 752 1503 XXVII.
800 1437 1041 1502 mensis
1086 1435 1372 1520 Ianuarij
1424 1459 1594 1502 anno
1641 1459 1831 1502 non0.

419 1546 739 1611 Dominus
786 1543 1001 1609 Minus
1049 1543 1319 1628 Nicolay
1364 1544 1443 1608 de
1488 1542 1850 1627 Vincentijs
1899 1543 1979 1609 de
2025 1542 2233 1627 Senis,
2280 1545 2496 1629 legum
2555 1546 2799 1629 doctor,

209 1654 358 1719 fuit
407 1659 707 1737 receptus
753 1653 821 1716 in
869 1652 1252 1716 advocatum
1298 1650 1813 1715 consistorialem
1843 1650 2020 1715 Luce
2069 1651 2173 1718 die
2220 1658 2406 1718 sexta
2434 1651 2798 1739 Februarij.

418 1760 736 1826 Dominus
783 1758 1146 1823 Lodovicus
1205 1758 1447 1822 domini
1501 1757 1815 1841 Anthonij
1877 1757 1956 1822 de
2003 1757 2476 1825 Castrobarcho
2534 1759 2657 1826 fuit
2700 1782 2799 1826 re-

213 1874 466 1953 ceptus
513 1869 581 1932 in
626 1867 950 1931 notarium
997 1865 1241 1930 domini
1285 1865 1492 1930 nostri
1537 1885 1706 1949 pape
1752 1864 2059 1948 Bonifatij
2094 1863 2317 1931 VIIII.
2351 1864 2647 1933 XXIIII.
2697 1867 2801 1932 die

214 1975 481 2040 mensis
528 1973 773 2057 Aprilis
820 1971 1233 2055 pontificatus
1281 1973 1382 2036 sui
1428 1993 1596 2037 611116
1644 1973 1857 2037 tertio.
1921 1991 1925 1995 ·

416 2080 734 2146 Dominus
765 2079 1261 2145 Bartholomeus
1310 2078 1388 2144 de
1419 2078 1795 2163 Maynardis
1843 2079 1922 2144 de
1953 2079 2246 2161 Perusi0,
2292 2080 2508 2162 legum
2555 2080 2800 2163 doctor,

217 2189 476 2255 iuravit
539 2186 821 2252 officium
876 2187 1173 2253 advocati
1227 2185 1693 2252 consistorialis
1749 2185 1956 2251 Rome
2002 2185 2086 2251 X.
2135 2186 2285 2252 Kal.
2333 2186 2561 2270 Marcij
2630 2209 2799 2252 anno

217 2298 493 2379 quinto,
552 2295 808 2378 proviso
855 2292 935 2359 (16
981 2293 1288 2358 mandato
1337 2293 1580 2358 domini
1634 2315 1830 2379 pape,
1878 2293 2053 2376 quod
2100 2294 2489 2360 examinatio
2537 2300 2604 2359 et
2649 2293 2797 2373 alia,

219 2426 361 2487 que
383 2402 624 2468 debent
653 2401 1020 2485 precedere,
1040 2402 1474 2466 iuramentum
1506 2400 2007 2484 subsequantur,
2043 2422 2188 2466 cum
2218 2400 2418 2466 nichil
2447 2406 2663 2465 actum
2693 2401 2796 2466 sit.

414 2509 539 2575 Die
585 2508 812 2574 XIIII.
846 2507 1001 2591 Maij
1052 2505 1467 2591 pontificatus
1515 2507 1759 2572 domini
1790 2507 2097 2592 Bonifatij
2149 2529 2316 2592 pape
2361 2505 2585 2573 VIIII.
2629 2529 2798 2572 anno

220 2618 579 2683 undecimo
633 2615 757 2679 fuit
818 2621 1116 2699 receptus
1179 2615 1248 2678 in
1313 2614 1674 2681 auditorem
1738 2615 1961 2699 palatij
2026 2617 2324 2703 dominus
2368 2614 2797 2697 Iheronimus,

222 2723 645 2789 decretorum
692 2722 937 2805 doctor,
986 2729 1052 2788 et
1095 2723 1335 2787 iuravit
1376 2723 1444 2786 in
1489 2721 1789 2787 manibus
1837 2724 2017 2788 meis.
2110 2722 2187 2788 B.
2235 2723 2593 2789 Francisci.

414 2829 539 2895 Die
583 2827 832 2894 XXVI.
884 2828 1185 2895 Octobris
1231 2831 1560 2914 predictus
1608 2830 1904 2895 dominus
1951 2836 2173 2896 noster
2216 2830 2577 2912 mandavit,
2626 2829 2799 2912 quod

224 2939 634 3020 reciperetur
663 2938 731 3000 in
764 2937 1149 3002 advocatum
1182 2937 1696 3003 consistorialem
1729 2937 2025 3002 dominus
2045 2937 2393 3003 Ardicinus
2412 2937 2491 3002 de
2509 2935 2800 3021 Laporta

224 3045 314 3110 de
361 3042 671 3125 Novaria,
727 3044 944 3128 legum
991 3044 1246 3125 doctor,
1296 3050 1362 3108 et
1408 3043 1883 3110 describeretur
1927 3046 1996 3109 in
2041 3044 2239 3126 libro,
2287 3065 2418 3109 non
2475 3043 2797 3127 obstante,

226 3151 410 3234 quod
457 3156 631 3216 esset
676 3150 912 3216 absens
959 3173 1000 3216 a
1045 3152 1244 3215 curia.
1901 3224 1908 3230 ,

414 3256 540 3322 Die
584 3257 742 3323 XII.
791 3259 1032 3323 mensis
1078 3257 1460 3324 Decembris
1517 3256 1932 3341 pontificatus
1989 3258 2232 3323 domini
2284 3259 2491 3323 nostri
2557 3257 2798 3326 domini

228 3363 545 3447 Bonifatij
595 3386 764 3448 pape
795 3363 1018 3430 VIIII.
1068 3363 1147 3430 de
1184 3366 1492 3430 mandato
1537 3366 1767 3448 ipsius⁴
1791 3365 2035 3431 domini
2077 3366 2283 3430 nostri
2329 3364 2454 3430 fuit
2495 3370 2797 3449 receptus

229 3473 302 3536 in
363 3472 747 3536 advocatum
807 3471 1320 3537 consistorialem
1384 3471 1681 3536 dominus
1740 3472 2030 3555 Angelus
2100 3472 2180 3538 de
2226 3471 2505 3538 Vallatis
2572 3471 2660 3559 [P]
2718 3471 2798 3538 de

229 3578 435 3660 Urbe,
483 3578 699 3661 legum
746 3579 989 3662 doctor,
1038 3584 1105 3645 et
1147 3579 1386 3644 iuravit
1429 3580 1497 3642 in
1543 3578 1843 3645 manibus
1890 3580 2072 3644 meis.
2164 3578 2240 3644 B.
2289 3577 2644 3645 Francisci.

414 3684 539 3752 Die
593 3684 949 3751 XXVIIII.
998 3688 1240 3752 mensis
1294 3685 1677 3752 Decembris
1730 3685 1854 3750 fuit
1916 3691 2215 3774 receptus
2278 3686 2346 3751 in
2412 3686 2799 3752 advocatum

234 3792 750 3859 consistorialem
804 3792 884 3859 de
938 3794 1245 3867 mandato
1301 3776 1544 3859 domini
1596 3794 1802 3859 nostri
1848 3792 2155 3877 Bonifatij
2215 3813 2383 3878 pape
2427 3795 2582 3858 noni
2628 3814 2798 3859 anno

236 3899 412 3966 XII⁰
475 3899 889 3983 pontificatus
958 3902 1060 3967 sui
1130 3900 1427 3967 dominus
1489 3899 1816 3968 Iohannes
1874 3900 2241 3967 Ludovicus
2306 3900 2386 3967 de
2444 3898 2702 3966 Padua·
2734 3906 2801 3966 et

235 4008 475 4072 iuravit
517 4009 586 4072 in
631 4006 931 4073 manibus
978 4009 1160 4074 meis.
1254 4008 1330 4074 B.
1378 4007 1735 4074 Francisci.
1900 4082 1904 4088 ,
2533 4026 2536 4029 ·

416 4114 542 4180 Ι)16
596 4113 752 4179 XII.
800 4113 1086 4200 Ianuarij
1155 4114 1279 4180 fuit
1339 4121 1640 4200 receptus
1704 4117 1772 4181 in
1836 4116 2220 4181 advocatum
2284 4114 2798 4181 consistorialem

238 4223 551 4306 magister
593 4221 891 4288 Andreas
939 4223 1018 4288 de
1064 4204 1390 4303 Alderico,
1436 4224 1653 4306 legum
1700 4222 1943 4304 doctor,
1992 4228 2059 4289 et
2101 4222 2340 4288 iuravit
2382 4222 2451 4287 in
2495 4222 2796 4287 manibus

240 4330 399 4396 meis
465 4350 634 4395 anno
698 4329 1113 4414 pontificatus
1178 4329 1422 4395 domini
1484 4329 1793 4414 Bonifatij
1874 4352 2041 4414 pape
2105 4327 2328 4394 VIIII.
2395 4328 2792 4396 duodecimo.

240 4435 316 4502 B.
364 4437 724 4503 Francisci.

421 4670 439 4701 ¹
478 4669 669 4726 Ganze
704 4670 853 4726 Zeile
889 4676 1075 4740 spater
1111 4669 1534 4741 nachgetragen.
