3242 5184
220 1559 331 1613 [⁴³01.
373 1563 436 1611 31
453 1556 492 1611 b.

1595 299 2019 361 *53-

528 471 952 536 munitatibus
1001 472 1152 535 61116.
1248 469 1418 536 Sane
1464 471 1788 537 novalium
1833 477 2223 554 vestrorum,
2282 493 2407 555 que
2451 472 2733 556 proprijs
2780 470 3103 536 manibus

529 585 643 644 aut
689 577 1051 662 sumptibus
1101 577 1332 660 colitis,
1382 577 1461 642 de
1509 577 1745 661 quibus
1786 577 2020 660 aliquis
2057 577 2374 644 hactenus
2415 601 2542 644 non
2586 579 2898 662 percepit,
2955 578 3102 641 sive

529 685 608 750 de
653 690 1013 749 vestrorum
1060 684 1439 749 animalium
1484 685 1897 750 nutrimentis
1943 685 2157 749 nullus
2192 707 2231 750 a
2262 685 2443 750 vobis
2493 685 2776 750 decimas
2827 685 3102 766 exigere

527 793 629 857 vel
675 797 1058 874 extorquere
1103 797 1457 875 presumat.
1550 791 1782 856 Liceat
1835 814 2092 875 quoque
2146 792 2329 858 vobis
2387 791 2653 857 clericos
2714 791 2815 855 vel
2862 791 3100 874 laycos

530 905 650 964 etc.
700 920 905 982 usque
952 899 1252 963 retinere.
1345 898 1773 964 Prohibemus
1819 898 2103 983 insuper,
2151 905 2226 964 ut
2271 899 2431 963 nulli
2479 898 2756 963 fratrum
2804 902 2928 962 etc.
2985 919 3099 961 us-

530 1027 654 1090 que
684 1006 966 1087 licentia,
999 1005 1125 1070 nisi
1157 1006 1416 1071 artioris
1448 1006 1776 1090 religionis
1810 1005 2101 1087 obtentu,
2152 1006 2230 1070 de
2272 1005 2499 1071 eodem
2538 1005 2679 1071 loco
2727 1005 3099 1085 discedere,

531 1113 967 1177 discedentem
1031 1133 1181 1178 vero
1244 1118 1364 1178 etc.
1421 1134 1629 1195 usque
1673 1114 1971 1177 retinere.
2067 1111 2228 1177 Cum
2275 1118 2493 1178 autem
2539 1112 2838 1195 generale
2883 1112 3099 1176 inter-

531 1220 777 1284 dictum
823 1226 995 1285 terre
1041 1218 1256 1300 fuerit,
1303 1219 1498 1284 liceat
1540 1218 1723 1284 vobis
1757 1220 1994 1284 clausis
2041 1221 2272 1302 16111116,
2323 1219 2600 1284 exclusis
2649 1218 3098 1284 excommuni-

531 1327 695 1391 catis
762 1331 828 1390 et
888 1324 1273 1407 interdictiS,
1339 1349 1467 1391 non
1521 1326 1798 1408 pulsatis
1846 1328 2198 1409 campanis,
2249 1326 2594 1391 dummodo
2641 1347 2907 1391 causam
2957 1348 3097 1391 non

531 1432 838 1497 dederitis
888 1432 1251 1514 interdicto,
1304 1454 1654 1517 suppressa
1700 1454 1855 1498 voce
1899 1433 2117 1497 divina
2164 1433 2379 1499 officia
2416 1432 2763 1498 celebrare.
2828 1431 3098 1498 Crisma

530 1559 703 1620 ver0,
738 1539 949 1604 oleum
982 1544 1297 1621 sanctum,
1337 1540 1353 1628 Η
1392 1540 1908 1604 consecrationes
1942 1540 2248 1604 altarium
2280 1561 2394 1605 seu
2424 1539 2860 1618 basilicarum,
2908 1537 3095 1603 ordi-

533 1646 828 1710 nationes
869 1645 1265 1727 clericorum,
1316 1647 1426 1728 qui
1466 1646 1549 1710 ad
1582 1646 1839 1711 ordines
1871 1645 2113 1710 fuerint
2147 1646 2584 1730 promovendi,
2634 1669 2674 1710 a
2720 1645 3095 1730 dyocesano

533 1752 899 1835 suscipietis
966 1753 1287 1835 episcopo,
1355 1752 1675 1835 siquidem
1721 1752 2077 1818 catholicus
2124 1753 2320 1818 fuerit
2365 1759 2431 1818 et
2475 1753 2755 1836 gratiam
2799 1757 2865 1816 et
2909 1773 3096 1817 com-

532 1860 900 1924 munionem
959 1864 1369 1924 sacrosancte
1416 1859 1708 1925 Romane
1756 1860 1928 1924 sedis
1972 1859 2275 1926 habuerit
2334 1866 2400 1924 et
2454 1881 2533 1925 ea
2579 1860 2761 1925 vobis
2806 1860 3099 1924 voluerit

533 1968 670 2031 sine
716 1967 1036 2049 pravitate
1084 1965 1376 2047 qualibet
1430 1965 1753 2031 exhibere.
1848 1967 2156 2049 Alioquin
2210 1967 2407 2031 liceat
2449 1966 2653 2048 vobis,
2715 1987 3097 2049 quemcum-

533 2094 658 2156 que
722 2072 1101 2153 malueritiS,
1170 2071 1557 2137 catholicum
1616 2072 1796 2138 adire
1853 2074 2215 2139 antistitem
2271 2079 2391 2139 etc.
2458 2094 2664 2154 usque
2727 2072 3094 2156 impendat.

531 2179 958 2245 Prohibemus
1004 2179 1288 2262 insuper,
1336 2184 1411 2242 ut
1455 2177 1626 2243 infra
1670 2178 1831 2244 fines
1877 2180 2217 2263 parrochie
2261 2185 2495 2261 vestre,
2545 2180 2600 2243 si
2633 2200 2776 2243 eam
2804 2176 3095 2259 habetiS,

532 2286 747 2351 nullus
796 2286 933 2349 sine
981 2306 1252 2350 assensu
1299 2284 1644 2368 dyocesani
1691 2287 1977 2370 episcopi
2031 2292 2098 2351 et
2141 2292 2357 2351 vestro
2414 2285 2732 2369 capellam
2779 2306 2892 2349 seu
2938 2306 3094 2348 ora-

531 2394 771 2459 torium
836 2391 915 2456 de
979 2414 1141 2458 novo
1208 2399 1581 2458 construere
1646 2394 1905 2476 audeat,
1974 2394 2167 2458 salvis
2231 2392 2586 2476 privilegijs
2642 2392 3097 2457 Romanorum

532 2497 928 2583 pontificum.
1020 2497 1127 2562 Ad
1172 2498 1291 2564 hec
1337 2522 1536 2565 novas
1585 2506 1652 2565 et
1680 2499 2005 2565 indebitas
2038 2500 2406 2565 exactiones
2441 2498 2524 2564 ab
2558 2499 3095 2581 archiepiscopiS‚

533 2605 872 2689 episcopiS,
922 2605 1410 2688 archidyaconis
1459 2628 1573 2671 seu
1620 2607 1882 2672 decanis
1940 2607 2214 2690 alijsque
2271 2606 2568 2672 omnibus
2627 2605 3096 2670 ecclesiasticis

535 2711 1014 2777 secularibusve
1059 2713 1351 2795 personis
1399 2735 1439 2778 a
1468 2712 1651 2779 vobis
1683 2713 1825 2778 fieri
1861 2712 2297 2797 prohibemus.
2381 2711 2797 2796 Sepulturam
2830 2734 3096 2794 quoque

533 2820 738 2902 ipsius
784 2819 910 2884 loci
955 2802 1244 2883 liberam'
1276 2841 1416 2885 esse
1464 2821 1891 2902 decernimus,
1940 2825 2014 2884 ut
2060 2841 2282 2884 eorum
2315 2820 2640 2885 devotioni
2687 2824 2753 2883 et
2800 2824 3095 2883 extreme

534 2926 872 3008 voluntati,
923 2925 1035 3008 qui
1083 2946 1151 2989 se
1196 2925 1329 2990 illic
1377 2927 1635 3010 sepeliri
1682 2927 2201 3008 deliberaverint,
2261 2926 2387 2990 nisi
2434 2925 2600 2990 forte
2648 2926 3090 2990 excommuni-

538 3033 668 3098 cati
730 3031 830 3096 vel
894 3031 1223 3096 interdicti
1285 3033 1416 3098 sint
1469 3039 1584 3098 aut
1641 3033 1884 3117 publici
1929 3034 2233 3116 usurarij,
2281 3032 2495 3098 nullus
2544 3033 2842 3115 obsistat,
2910 3032 3095 3096 salva

536 3146 754 3204 tamen
817 3139 1077 3203 iusticia
1138 3138 1399 3204 illarum
1463 3140 1902 3223 ecclesiarum,
1970 3163 2010 3205 a
2064 3140 2299 3222 quibus
2353 3144 2756 3205 mortuorum
2818 3159 3097 3222 corpora

537 3251 975 3311 assumuntur.
1068 3245 1372 3311 Decimas
1427 3258 1726 3330 preterea
1784 3253 1850 3311 et
1893 3247 2334 3330 possessiones
2392 3246 2476 3310 ad
2520 3247 2621 3310 ius
2670 3245 3096 3309 ecclesiarum

537 3358 901 3418 vestrarum
948 3358 1337 3435 spectanteS,
1387 3375 1512 3437 que
1559 3375 1599 3418 a
1645 3353 1846 3436 laycis
1881 3353 2271 3435 detinentur,
2319 3352 2677 3417 redimendi
2710 3356 2777 3416 et
2804 3350 3095 3434 legitime

534 3458 856 3524 liberandi
921 3458 999 3523 de
1063 3459 1361 3524 manibus
1428 3481 1651 3525 eorum
1713 3466 1778 3524 et
1825 3460 1909 3525 ad
1974 3460 2301 3540 666166166,
2369 3458 2454 3523 ad
2519 3479 2681 3540 quas
2740 3457 3093 3540 pertinent,

538 3564 883 3631 revocandi
926 3565 1136 3630 libera
1190 3566 1277 3630 sit
1321 3566 1503 3632 vobis
1559 3566 1641 3630 de
1687 3572 1911 3632 nostra
1957 3567 2349 3631 auctoritate
2403 3564 2701 3629 facultas
2796 3561 3097 3629 Obeunte

537 3694 688 3738 vero
719 3677 804 3754 te,
852 3693 1021 3735 nunc
1064 3671 1352 3737 eiusdem
1396 3672 1521 3738 loci
1553 3671 1813 3755 abbate,
1859 3673 1965 3738 vel
2006 3678 2265 3737 tuorum
2313 3669 2605 3753 quolibet
2649 3691 3097 3735 successorum

537 3779 754 3844 nullus
818 3778 912 3843 ibi
978 3777 1270 3861 qualibet
1333 3779 1759 3861 surreptionis
1825 3779 2073 3845 astutia
2142 3800 2257 3843 seu
2311 3776 2620 3843 violentia
2673 3782 3095 3861 preponatur,

538 3886 665 3950 nisi
722 3905 916 3967 quem
970 3884 1204 3949 fratres
1261 3886 1583 3951 communi
1640 3907 1957 3951 consensu
2013 3884 2115 3950 vel
2169 3884 2446 3949 fratrum
2491 3885 2701 3948 maior
2743 3903 2900 3966 pars
2949 3904 3095 3946 con-

541 3992 665 4076 6111]
704 3992 978 4057 sanioris
1012 3991 1364 4056 secundum
1396 3991 1588 4055 deum
1636 3997 1702 4056 et
1747 3992 1924 4057 beati
1956 3991 2306 4074 Augustini
2351 3990 2644 4073 regulam
2694 3988 3099 4073 providerint

540 4098 924 4183 eligendum.
1035 4097 1193 4163 Paci
1266 4119 1521 4182 quoque
1596 4104 1717 4163 etc.
1794 4120 2000 4182 usque
2074 4119 2389 4163 exercere.
2497 4097 2809 4161 Preterea
2873 4116 3094 4161 omnes

539 4205 880 4270 libertates
915 4210 1034 4269 etc.
1068 4226 1276 4288 usque
1309 4206 1797 4271 communimus».
1875 4204 2299 4270 Decernimus
2333 4224 2483 4286 ergo
2526 4208 2647 4268 etc.
2696 4222 2905 4285 usque
2950 4224 3095 4286 pro-

541 4312 780 4376 futura.
849 4309 1043 4376 Salva
1091 4311 1260 4376 sedis
1308 4312 1664 4396 apostolice
1711 4311 2099 4377 auctoritate
2147 4317 2212 4375 et
2257 4310 2599 4395 dyocesani
2657 4308 2945 4392 episcopi
2994 4330 3095 4372 ca-

541 4420 774 4484 nonica
843 4418 1120 4483 iusticia.
1224 4418 1293 4483 Si
1360 4440 1491 4502 qua
1553 4419 1753 4502 igitur
1817 4424 1936 4483 etc.
2004 4439 2211 4501 usque
2275 4418 2527 4482 ultioni.
2643 4413 2908 4480 Cunctis
2975 4420 3094 4479 etc.

540 4546 747 4610 usque
792 4525 1143 4591 inveniant.
1237 4525 1466 4592 Amen.
1560 4524 1795 4591 Amen.
