3242 5184
1254 289 1742 353 -143—

401 469 570 533 Item
617 470 1156 553 quandocumque
1204 468 1480 533 ecclesia
1512 489 1580 532 se
1614 466 1774 532 dicit
1805 466 2154 531 enormiter
2185 486 2327 530 esse
2357 465 2581 547 lesam,
2630 464 2773 530 sub-

220 577 479 641 venitur
543 577 603 641 ei
666 597 782 660 per
844 575 1223 640 benefitium
1277 575 1709 640 restitutionis
1763 574 1831 637 in
1887 574 2240 655 integrum,
2296 593 2425 636 non
2472 572 2773 637 obstante

220 686 607 749 iuramento,

399 790 569 855 Item
617 810 811 874 super
848 789 1321 855 absolutionem
1354 789 1817 854 monachorum
1851 794 1918 852 et
1950 785 2432 870 dispensatione
2466 786 2772 850 scribitur

219 897 491 981 prelatis
539 898 703 978 suiS,
752 903 825 960 ut
868 897 992 961 hac
1037 898 1176 960 vice
1222 903 1343 961 etc.

399 1004 569 1068 Item
591 1002 819 1085 „Sicut
837 1003 1146 1087 provide“
1170 1003 1588 1068 confirmatur
1606 1002 1911 1085 quitquid
1945 1023 1985 1066 a
2014 1001 2218 1084 laycis
2237 1001 2431 1067 datur
2460 1000 2771 1082 ecclesijS,

220 1114 356 1176 sive
403 1113 489 1175 sit
532 1112 634 1174 ius
680 1116 1065 1193 patronatus
1113 1112 1247 1175 sive
1295 1109 1566 1191 decima,
1615 1110 1696 1174 de
1743 1129 2014 1173 assensu
2063 1107 2407 1173 diocesani.

398 1218 567 1283 Item
628 1218 708 1282 ad
768 1219 1147 1302 petitionem
1204 1217 1656 1300 religiosorum
1715 1215 2133 1298 collegiorum
2193 1214 2500 1279 scribitur
2545 1215 2772 1298 dyoce-

220 1348 401 1409 sano,
449 1347 530 1390 ne
576 1331 866 1409 tempore
912 1325 1299 1389 visitationis
1347 1323 1764 1388 introducant
1808 1322 2132 1386 seculares
2179 1323 2247 1385 in
2294 1322 2600 1403 claustra,
2649 1323 2773 1385 nisi

218 1433 349 1498 duo
395 1434 497 1497 vel
543 1438 676 1497 tres
724 1433 804 1497 de
851 1432 1126 1496 ecclesia
1171 1430 1548 1496 cathedrali.

398 1539 567 1604 Item
605 1538 778 1621 quod
811 1539 1209 1622 dyocesanus
1243 1543 1540 1603 amoveat
1569 1538 1902 1619 illegitime
1934 1542 2121 1602 natos
2160 1558 2201 1601 a
2247 1535 2599 1619 beneficijS,
2647 1556 2773 1617 que

214 1646 466 1711 habent
511 1647 650 1710 sine
697 1645 1199 1729 dispensatione.

397 1752 567 1817 Item
614 1753 788 1835 quod
836 1752 1179 1836 dyocesani
1224 1754 1478 1835 possint
1523 1773 1753 1834 cogere
1799 1757 2176 1817 executores
2238 1757 2773 1816 testamentorum

214 1860 621 1944 negligentes
668 1860 750 1925 ad
799 1860 1245 1925 executionem
1292 1859 1569 1923 illorum.
2301 1854 2304 1855 ⁷

397 1967 566 2031 Item
623 1967 795 2050 quod
853 1966 1197 2051 dyocesani
1253 1971 1481 2030 contra
1535 1966 1885 2032 monachos
1934 1966 2257 2032 solitarios
2303 1966 2577 2031 formam
2624 1987 2771 2029 con-

214 2073 348 2155 cilij
401 2079 630 2138 contra
674 2075 840 2139 tales
889 2074 1131 2138 editam
1176 2074 1410 2138 fatiant
1455 2073 1805 2138 observari.

396 2180 565 2245 Item
598 2187 825 2245 contra
856 2181 1349 2246 concubinarios
1387 2180 1827 2262 beneficiatos,
1860 2186 1935 2244 ut
1970 2179 2164 2263 officij
2202 2182 2303 2244 sui
2342 2180 2631 2245 debitum
2664 2201 2770 2244 ex-

215 2292 564 2370 equantur.
658 2287 972 2352 Similiter
1018 2292 1246 2352 contra
1291 2287 1560 2352 clericos
1607 2308 1791 2352 arma
1835 2293 2170 2372 portantes
2217 2294 2283 2352 et
2328 2289 2680 2352 usurarios

396 2394 566 2459 Item
613 2394 780 2458 solet
826 2394 1023 2458 scribi
1069 2393 1413 2475 iudicibuS,
1460 2399 1534 2457 ut
1579 2415 1678 2475 ea,
1726 2414 1853 2476 que
1899 2416 1940 2458 a
1984 2395 2214 2459 maiori
2251 2400 2440 2479 parte
2473 2394 2773 2477 collegio-

214 2523 364 2565 rum
412 2502 997 2566 ecclesiasticorum
1042 2500 1220 2565 licite
1268 2499 1670 2582 ordinantur,
1719 2500 1965 2565 faciant
2009 2501 2358 2584 observari,
2406 2502 2532 2565 nisi
2563 2502 2774 2565 minor

215 2631 370 2692 pars
418 2609 808 2673 rationabile
855 2604 1250 2673 contrarium
1296 2609 1710 2692 proposuerit
1754 2613 1820 2673 et
1865 2607 2183 2673 ostendat.

395 2715 565 2780 Item
610 2715 987 2799 indulgetur
1029 2714 1374 2797 religiosiS,
1422 2715 1597 2797 quod
1643 2717 1711 2779 in
1751 2716 1962 2780 causis
1995 2716 2276 2799 proprijs
2307 2716 2560 2799 possint
2588 2717 2771 2780 testi-

217 2823 437 2886 monio
483 2821 759 2886 fratrum
807 2843 1071 2887 suorum
1117 2823 1234 2886 uti.

397 2928 566 2993 Item
631 2928 978 2993 mandatur
1040 2928 1392 3011 iudicibuS,
1461 2930 1636 3012 quod
1689 2931 2008 3014 recipiant
2069 2935 2270 2994 testes
2336 2928 2421 2994 ad
2486 2928 2772 2993 futuram

217 3037 597 3102 memoriam
631 3056 826 3120 super
862 3035 1048 3100 bonis
1086 3037 1525 3118 ecclesiarum,
1574 3037 1655 3101 de
1703 3037 1939 3119 quibus
1985 3059 2113 3102 non
2159 3042 2476 3120 apparent
2511 3036 2773 3120 publica

215 3145 668 3208 instrumenta.

397 3250 565 3314 Item
623 3251 797 3332 quod
853 3232 1138 3332 religiosi
1195 3251 1450 3332 possint
1506 3252 1601 3315 uti
1659 3252 2047 3335 privilegij8,
2108 3252 2344 3335 quibus
2401 3272 2519 3335 per
2571 3251 2771 3333 negli-
2863 3235 2870 3244 ’

217 3358 506 3440 gentiam
551 3379 681 3422 non
728 3363 880 3421 sunt
923 3358 1045 3438 usi,
1093 3358 1219 3420 nisi
1263 3378 1380 3441 per
1424 3359 1958 3441 prescriptionem
2004 3358 2105 3423 vel
2150 3359 2313 3425 alias
2361 3360 2448 3424 sit
2491 3360 2584 3423 eis
2614 3358 2771 3440 legi-

218 3466 373 3529 time
423 3464 822 3548 derogatum.

396 3572 566 3637 Item
629 3571 804 3653 quod
866 3576 1157 3655 tempore
1212 3571 1540 3636 interdicti
1595 3574 1849 3656 possint
1911 3573 2195 3656 religiosi
2258 3575 2471 3639 ianuis
2533 3575 2770 3639 clausis

220 3679 552 3744 celebrare
600 3678 818 3744 divina
864 3678 1098 3744 officia.

401 3786 610 3870 “Item
640 3784 1015 3869 indulgetur
1058 3786 1399 3870 religiosis,
1448 3787 1623 3869 quod
1677 3788 1745 3852 in
1805 3788 2253 3871 questionibus
2300 3788 2611 3854 adversus
2658 3810 2769 3854 eos

219 3894 414 3958 motis
460 3914 589 3957 non
635 3899 979 3958 teneantur
1025 3915 1095 3958 se
1143 3892 1488 3959 defendere
1533 3915 1652 3977 per
1698 3892 2005 3959 duellum.

395 3998 565 4065 Item
611 4000 871 4082 quando
916 4022 1066 4065 reus
1121 4002 1717 4065 excommunicatur
1761 4022 1802 4066 a
1848 4001 2142 4085 delegato
2187 4025 2305 4086 pro
2353 4007 2769 4086 contumatia,

218 4107 644 4172 committitur
696 4106 1018 4172 absolutio
1075 4109 1687 4173 excommunicatori
1733 4108 1833 4172 vel
1880 4109 2206 4174 ordinario
2222 4160 2238 4191 ,
2287 4111 2547 4192 quando
2595 4114 2769 4196 expi-

218 4215 387 4279 ravit
432 4213 794 4279 iurisdictio
842 4215 1477 4279 excommunicantis,

394 4319 563 4387 Item
619 4321 879 4404 quando
934 4343 1086 4386 reus
1142 4320 1300 4386 dicit
1352 4323 1773 4404 impetratum
1828 4343 1971 4388 esse
2026 4329 2253 4388 contra
2307 4345 2375 4389 se
2430 4323 2514 4390 ad
2570 4347 2771 4390 unum

219 4427 530 4510 iudicem,
593 4428 940 4494 dummodo
1000 4429 1084 4493 ad
1142 4428 1274 4493 litis
1334 4429 1873 4493 contestationem
1933 4452 2061 4495 non
2127 4432 2212 4495 sit
2270 4452 2645 4516 processum
2703 4435 2769 4497 in

220 4556 436 4617 causa,
485 4534 747 4600 additur
792 4557 958 4600 unus
1004 4535 1199 4600 iudex
1246 4534 1449 4600 offitio
1488 4535 1802 4600 auditoris
1843 4543 1909 4600 et
1938 4537 2104 4601 alter
2133 4538 2214 4601 ad
2249 4540 2621 4604 instantiam
2652 4542 2767 4605 rei.

395 4642 562 4706 Item
611 4642 981 4725 indulgetur
1027 4643 1315 4727 collegijs
1363 4642 1779 4707 ecclesiarum
1829 4643 2247 4726 secularium,
2297 4645 2472 4730 quod
2518 4649 2771 4731 possint

2826 3804 2945 3860 Fol.
2969 3804 3092 3863 73¹⁰.
