3242 5184
1207 310 1306 317 ,-.
1387 272 1644 334 89—

419 518 1064 602 Archiepiscopis
1143 526 1215 586 et
1291 522 1707 604 episcopiS,
1784 518 1875 585 ad
1953 541 2140 604 quos
2216 513 2483 585 littere
2558 519 2709 582 iste

510 628 1027 711 pervenerint.

333 787 572 852 Dilecti
631 787 745 872 filij
814 788 1049 853 fratres
1103 788 1606 854 Ierosolimltani
1673 788 2012 872 hospitalis
2077 788 2461 853 transmissa
2523 787 2711 851 nobis

174 894 598 961 insinuacione
669 902 1143 978 monstrarunt,
1202 896 1375 979 quod
1432 895 1888 980 archidyaconi
1955 901 2021 960 et
2076 895 2303 959 decani
2358 895 2425 958 in
2480 896 2711 958 vestris

172 1001 448 1083 partibus
508 1004 843 1068 constituti
896 1010 1033 1068 tam
1088 1025 1206 1087 per
1264 1024 1333 1068 se
1394 1026 1588 1087 quam
1644 1025 1761 1087 per
1824 1002 2136 1067 officiales
2202 1024 2354 1067 suos
2418 1000 2712 1077 homines

171 1108 592 1191 predictorum
637 1109 911 1174 fratrum
956 1133 1074 1194 pro
1123 1112 1495 1176 excessibus
1543 1111 1678 1185 suis
1726 1110 1809 1175 ad
1856 1109 2365 1175 ecclesiasticum
2411 1106 2711 1172 iuditium

171 1215 561 1299 pertrahunt,
608 1223 683 1283 ut
729 1239 952 1283 eorum
997 1220 1213 1302 potius
1258 1220 1601 1302 pecuniam
1648 1218 1900 1300 tollant,
1949 1239 2145 1300 quam
2192 1222 2267 1280 ut
2311 1216 2572 1299 dignam
2620 1216 2713 1279 eis

169 1324 579 1406 penitentiam
622 1347 742 1408 pro
789 1327 1074 1408 peccatis
1122 1327 1463 1408 iniungant
1484 1376 1500 1407 ,
1557 1347 1703 1390 cum
1749 1326 2086 1408 indignum
2133 1325 2219 1388 sit
2239 1374 2255 1406 ,
2322 1329 2396 1387 ut
2438 1322 2714 1406 predicti

169 1429 409 1512 fratreS,
461 1432 575 1513 qui
622 1431 704 1496 ad
751 1431 1191 1498 defensionem
1239 1432 1572 1498 orientalis
1620 1433 1891 1498 ecclesie
1936 1433 2081 1515 pias
2129 1431 2513 1495 elemosinas
2560 1450 2713 1511 que-

168 1543 324 1619 runt,
346 1537 759 1621 dispendium
792 1538 1056 1623 aliquod
1086 1539 1189 1604 vel
1218 1561 1568 1622 gravamen
1600 1542 1668 1604 in
1698 1541 1914 1622 rebus,
1937 1561 2064 1623 que
2102 1538 2185 1603 ad
2224 1559 2334 1602 eos
2364 1538 2711 1620 pertinent,

167 1646 507 1725 patiantur.
601 1646 889 1729 Ideoque
945 1647 1341 1712 fraternitati
1393 1655 1605 1713 vestre
1659 1669 1777 1731 per
1834 1647 2193 1730 apostolica
2247 1646 2490 1728 scripta
2534 1665 2713 1708 man-

167 1751 382 1817 damus
441 1759 643 1836 atque
695 1755 1126 1837 precipimus,
1194 1756 1500 1838 quatinus
1554 1755 1881 1838 predictos
1929 1804 1944 1819 .
1982 1805 1996 1819 .
2046 1752 2589 1836 archidyaconum
2651 1756 2718 1816 et

168 1857 473 1924 decanum
522 1882 638 1925 seu
686 1862 1012 1944 quoslibet
1057 1861 1372 1929 officiales
1417 1884 1641 1928 eorum
1687 1863 2124 1946 appellatione
2163 1867 2230 1925 et
2260 1858 2714 1924 excusationel

166 1968 563 2032 cessantibus
609 1990 728 2051 per
773 1988 1114 2034 censuram
1163 1970 1670 2035 ecclesiasticam
1718 1969 2166 2052 compescatiS,
2214 1967 2231 2055 Η
2276 1988 2357 2031 ne
2421 1967 2713 2031 homines
2751 1980 2869 2034 Fol.
2911 1977 3031 2033 47¹³.

162 2073 598 2155 predictorum
653 2074 925 2141 fratrum
980 2098 1098 2160 pro
1159 2077 1529 2142 excessibus
1586 2078 1721 2141 suis
1776 2098 1947 2159 pena
1999 2075 2376 2159 pecuniaria
2419 2074 2711 2157 puniant,

164 2180 268 2244 sed
324 2181 456 2247 alia
515 2183 607 2247 eis
663 2184 971 2266 imposita
1026 2185 1387 2267 penitentia
1440 2184 1614 2248 bona
1669 2206 1891 2249 eorum
1949 2181 2031 2247 ad
2078 2204 2234 2246 usus
2280 2180 2713 2265 predictorum

162 2286 426 2354 fratrum
477 2291 544 2354 in
573 2311 751 2373 ,pace
798 2312 875 2354 ac
922 2292 1138 2374 quiete
1186 2290 1535 2356 dimittant.

419 2538 793 2605 Eisdem2.

333 2699 622 2782 Querela
667 2701 1047 2767 dilectorum
1094 2702 1374 2768 filiorum
1422 2753 1436 2768 .
1474 2753 1489 2767 .
1537 2704 1835 2786 magistri
1864 2709 1948 2768 st
2000 2703 2277 2766 fratrum
2323 2701 2715 2766 Ierosolimi-

162 2808 290 2870 tani
353 2807 702 2890 hospitalis
769 2808 852 2873 ad
907 2832 1024 2874 nos
1081 2811 1466 2875 transmissa
1519 2811 1838 2893 pervenit,
1903 2809 2077 2893 quod
2132 2809 2423 2874 homines
2471 2830 2714 2891 eorum,

163 2936 315 2996 quos
354 2915 682 2980 adulterio
714 2915 815 2980 vel
853 2916 980 2981 alio
1014 2919 1279 2982 crimine
1312 2917 1792 3000 deprehenditis
1823 2918 2111 2982 irretitos
2125 2917 2170 2996 ³,
2220 2918 2485 2981 contra4
2522 2916 2715 2981 liber-

161 3025 321 3087 tates
389 3045 433 3087 a
487 3020 750 3104 regibus
809 3030 874 3087 et
931 3024 1079 3107 alijs
1133 3025 1534 3108 principibus
1589 3027 1749 3108 ipsis
1797 3025 2082 3088 indultas
2130 3025 2505 3107 pecuniaria
2549 3045 2718 3107 pena

160 3130 428 3212 punitiS,
490 3130 884 3212 presbiteros
939 3132 1134 3196 etiam
1190 3132 1609 3208 ecclesiarum
1657 3154 1935 3218 suarum
1990 3138 2056 3197 et
2110 3152 2331 3196 omnes
2388 3131 2715 3214 ecclesiaS,

163 3258 318 3318 quas
352 3243 601 3318 tenent,
652 3259 779 3301 non
813 3238 1146 3320 dubitatis,
1194 3244 1270 3303 ut
1300 3238 1557 3320 dicitur,
1605 3239 1912 3304 indebitis
1944 3238 2389 3303 exactionibus
2422 3238 2715 3321 fatigare.

163 3342 483 3425 Quoniam
527 3345 726 3426 igitur
770 3365 1119 3427 gravamen
1163 3344 1601 3430 predictorum
1622 3392 1626 3397 -
1649 3345 1921 3411 fratrum
1968 3344 2377 3410 dissimulare
2422 3367 2542 3410 nec
2570 3368 2716 3428 pos-

164 3472 379 3516 sumus
429 3473 550 3517 nec
597 3451 944 3535 debemuS,
1012 3475 1173 3535 quos
1220 3460 1486 3538 propter
1530 3475 1851 3537 pauperes
1898 3452 2176 3534 Christi,
2244 3474 2519 3535 quorum
2566 3459 2720 3518 sunt

164 3557 493 3641 obsequijs
541 3560 914 3642 mancipati,
961 3562 1032 3625 in
1079 3561 1212 3625 suis
1259 3561 1555 3625 volumus
1600 3561 1877 3643 iusticijs
1917 3558 2274 3638 confovere,
2320 3559 2717 3625 fraternitati

163 3671 370 3731 vestre
415 3686 536 3749 per
583 3666 944 3749 apostolica
988 3669 1233 3751 scripta
1276 3667 1674 3750 inhibemus,
1738 3668 2045 3752 quatinus
2091 3667 2383 3732 homines
2428 3668 2717 3750 ipsorum

165 3773 426 3838 contra⁴
470 3772 842 3838 libertatem
889 3776 983 3839 eis
1033 3774 1353 3840 indultam
1368 3774 1394 3814 ⁵
1438 3797 1608 3859 pena
1639 3775 2018 3859 pecuniaria
2048 3796 2178 3840 non
2227 3774 2552 3839 mulctetis
2598 3795 2718 3838 nec

166 3881 453 3964 ecclesijs
500 3902 721 3945 eorum
769 3888 884 3946 aut
927 3882 1306 3966 presbiteris
1355 3885 1725 3949 exactiones
1771 3882 2096 3948 indebitas
2151 3881 2536 3964 imponatiS,
2604 3881 2717 3945 sed

167 3986 242 4051 ab
289 4009 516 4054 eorum
562 3989 876 4072 molestijs
926 3987 1309 4055 desistentes
1342 3996 1569 4056 contra
1604 3991 1874 4055 iniurias
1906 3989 2402 4072 malignantium
2432 3994 2717 4053 vestrum

168 4097 402 4160 curetis
447 4097 881 4179 patrocinium
928 4096 1250 4178 exhibere,
1298 4098 1394 4162 ita
1439 4097 1613 4181 quod
1661 4097 1926 4180 querela
1963 4118 2157 4180 super
2186 4096 2307 4161 hoc
2339 4095 2421 4160 ad
2454 4094 2718 4160 audien-

167 4202 320 4266 tiam
366 4209 658 4269 nostram
704 4204 945 4268 iterata
988 4205 1205 4269 venire
1251 4226 1382 4269 non
1428 4204 1665 4270 debeat
1709 4226 1827 4269 nec
1873 4225 1985 4269 vos
2032 4203 2297 4286 possitis
2335 4201 2415 4268 de
2446 4202 2721 4268 avaritia

167 4311 395 4376 merito
441 4311 544 4377 vel
589 4316 965 4395 contemptu
1003 4309 1175 4376 sedis
1224 4310 1579 4394 apostolice
1624 4310 2030 4394 reprehendi.

342 4562 363 4594 ¹
409 4561 628 4632 Abgek.
684 4580 766 4616 ex.
1002 4561 1025 4594 ²
1071 4561 1294 4616 Eisdem
1346 4562 1493 4617 steht
1539 4579 1630 4616 am
1676 4562 1833 4615 Ende
1877 4562 1976 4615 der
2017 4559 2507 4631 vorhergehenden
2553 4558 2720 4622 Zeile.

171 4647 193 4681 ⁸
224 4648 456 4707 Hdschr.
494 4651 777 4709 hereticos.
922 4651 946 4683 ⁴
981 4651 1215 4709 Hdschr.
1253 4653 1412 4710 circa.
1558 4652 1581 4684 ⁵
1616 4651 1686 4709 In
1722 4652 1821 4707 der
1854 4649 2091 4711 Hdschr.
2128 4668 2263 4711 ιιιιι,Δ
2368 4680 2375 4685 ·
