3242 5184
1234 312 1722 373 -121—

201 507 349 551 rum
399 485 663 551 obviare
710 486 1045 552 fraudibus
1102 493 1168 553 et
1211 492 1491 552 vestram
1540 487 1916 554 confovere1
1962 488 2397 553 innocentiam
2444 486 2763 553 favorabi-

201 593 356 658 liter
395 594 703 675 volentes,
752 595 1142 660 auctoritate
1173 593 1354 660 vobis
1386 596 1786 679 presentium
1832 594 2261 678 indulgemus,
2308 600 2384 660 ut
2427 596 2764 678 nequeatis

204 722 323 784 per
368 700 623 766 litteras
669 702 1057 784 apostolicas
1106 703 1460 784 conveniri,
1518 723 1646 785 que
1702 701 1782 767 de
1826 702 1950 767 hac
1994 702 2396 784 indulgentia
2442 708 2508 767 et
2550 711 2765 767 vestro

206 807 434 873 ordine
467 830 596 873 non
629 808 898 874 fecerint
928 810 1341 875 mentionem.
1405 809 1584 875 Nulli
1616 830 1768 892 ergo
1790 815 1911 874 etc.
1946 814 2166 876 nostre
2186 809 2618 876 concessionis
2640 815 2761 875 etc.

478 1057 838 1125 Ministro
885 1065 960 1124 et
1004 1058 1384 1125 fratribus
1432 1059 1729 1125 ordinis
1778 1058 2101 1124 fratrum
2147 1059 2575 1124 minorum2.

388 1219 763 1285 Devotionis
809 1225 1022 1285 vestre
1066 1219 1368 1303 precibus
1399 1221 1712 1301 inclinati,
1761 1227 1835 1284 ut
1879 1226 2169 1304 tempore
2213 1219 2531 1303 generalis
2568 1220 2764 1284 inter-

205 1326 385 1408 dicti,
435 1346 563 1391 non
609 1326 884 1409 pulsatis
933 1328 1284 1410 campanie,
1333 1329 1904 1394 excommunicatis
1951 1333 2018 1392 et
2059 1326 2420 1393 interdictis
2466 1326 2765 1408 exclusiS,

202 1434 421 1501 ianuis
488 1434 725 1498 clausis
780 1439 848 1499 et
900 1433 1223 1500 submissa
1278 1456 1428 1501 voce
1491 1437 1558 1500 in
1605 1436 1897 1519 ecclesijs
1953 1435 2184 1500 vestris
2242 1434 2458 1499 divina
2502 1434 2766 1518 possitis

203 1540 423 1606 officia
491 1539 840 1623 celebrare,
907 1543 1291 1608 auctoritate
1356 1543 1537 1608 vobis
1602 1543 2002 1626 presentium
2066 1541 2494 1624 indulgemus.
2587 1540 2765 1605 Nulli

204 1669 360 1731 ergo
409 1654 532 1713 etc.
583 1654 801 1715 nostre
848 1638 1300 1716 concessionis.

480 1898 843 1964 Generali
899 1905 971 1963 et
1025 1901 1305 1965 ceteris
1363 1902 1742 1965 ministris
1797 1899 2399 1984 provintialibus
2469 1899 2765 1965 ordinis

568 2005 883 2070 fratrum
940 2008 1308 2072 minorum
1345 2013 1370 2092 ΙΙ
1407 2014 1813 2091 presentes
1870 2007 2181 2081 litteras
2229 2008 2762 2090 inspecturis3.

387 2166 467 2231 In
520 2167 660 2231 iure
720 2168 1026 2232 canonico
1071 2169 1392 2252 reperitur
1437 2190 1844 2252 expressum,
1892 2174 1984 2250 ut,
2034 2170 2088 2232 si
2134 2168 2477 2250 quisquam
2520 2189 2763 2249 eorum,

206 2274 321 2356 qui
379 2275 573 2338 simul
626 2275 872 2356 vivunt,
931 2297 1048 2358 pro
1104 2297 1333 2340 manus
1389 2276 1734 2340 iniectione
1799 2276 1867 2340 in
1931 2276 2167 2340 sotium
2223 2298 2263 2339 a
2318 2276 2765 2349 communione

207 2380 523 2445 meruerit
577 2380 716 2445 fieri
764 2381 1032 2463 alienuS,
1091 2383 1380 2465 prelatus
1428 2382 1717 2448 eiusdem
1763 2381 2219 2447 reconsiliandi
2266 2388 2332 2447 et
2375 2382 2765 2464 penitentias

205 2486 585 2570 imponendi
648 2487 1006 2571 plenariam
1071 2488 1312 2554 habeat
1357 2495 1768 2572 potestatem,
1835 2490 1960 2553 nisi
2034 2488 2220 2576 forte¹
2254 2490 2563 2554 atrocitas
2611 2489 2767 2554 facti

204 2595 572 2678 graviorem
634 2616 868 2678 penam
933 2602 1245 2679 expectet.
1355 2597 1656 2662 Habetur
1723 2598 1919 2661 etiam
1981 2598 2049 2660 in
2113 2595 2375 2678 eodem,
2450 2596 2622 2679 quod
2687 2596 2767 2661 de

206 2702 432 2766 seculo
496 2700 842 2784 fugientes,
909 2705 1021 2786 qui
1074 2703 1403 2787 religionis
1458 2704 1752 2769 habitum
1808 2705 1875 2768 in
1940 2704 2330 2769 monasterio
2387 2710 2769 2787 receperunt

209 2815 278 2874 et
323 2809 497 2873 inter
542 2814 760 2874 cetera
804 2810 1215 2894 postmodum
1265 2810 1653 2876 confitentur
1699 2832 1767 2876 se
1813 2812 1944 2876 tale
1991 2811 2391 2876 commisisse
2438 2810 2765 2892 delictum,

207 2938 328 3000 per
376 2915 548 2998 quod
610 2918 752 2999 ipso
818 2923 967 2982 actu
1032 2920 1711 2983 excommunicationis
1776 2920 2162 2983 sententiam
2215 2920 2644 2999 incurrerunt,
2700 2918 2767 2982 in

207 3023 543 3106 religionis
574 3023 876 3104 favorem,
909 3031 975 3090 et
1019 3030 1093 3089 ut
1138 3024 1559 3090 subtrahatur
1602 3024 1881 3108 vagandi
1926 3026 2219 3106 materia,
2267 3046 2382 3108 per
2428 3046 2577 3090 suos
2623 3046 2766 3108 pre-

205 3131 381 3196 latos
436 3130 860 3195 absolutionis
917 3130 1301 3196 beneficium
1355 3138 1854 3215 consequantur.
1947 3112 2219 3198 Verum·
2240 3155 2386 3199 cum
2432 3133 2769 3216 proveniat

209 3258 291 3302 ex
337 3242 549 3302 vestre
595 3259 673 3301 ac
704 3237 976 3302 fratrum
1006 3245 1366 3304 vestrorum
1416 3240 1920 3304 conversationis
1960 3240 2065 3323 pie
2106 3240 2374 3320 meritis,
2416 3260 2533 3323 per
2572 3260 2767 3321 quam

209 3350 534 3409 terrarum
581 3343 823 3427 ubique
878 3346 1151 3410 1101116114
1213 3347 1534 3411 attollitur
1596 3330 1882 3411 omnium
1944 3346 2316 3428 conditoriS,
2381 3352 2474 3427 ut,
2511 3350 2537 3430 ΙΙ
2573 3368 2768 3429 quam
2823 3360 2942 3416 Pol.
2965 3367 3031 3415 63
3043 3359 3084 3414 b.

212 3473 362 3516 cum
407 3452 549 3534 ipso
595 3473 959 3534 possumus,
1007 3453 1188 3519 vobis
1236 3476 1352 3536 pro
1400 3455 1764 3518 animarum
1819 3453 2028 3519 salute
2091 3454 2366 3537 gratiam
2431 3452 2766 3534 faciamuS,

211 3558 539 3623 devotioni
594 3565 807 3623 vestre
862 3561 1258 3643 presentium
1306 3561 1692 3626 auctoritate
1740 3561 2179 3643 concedimUS,
2237 3567 2312 3627 ut
2357 3582 2467 3625 eos
2516 3582 2595 3625 ex
2639 3560 2767 3625 fra·

211 3665 424 3730 tribus
479 3665 739 3747 vestriS,
799 3667 911 3748 qui
966 3689 1081 3750 pro
1137 3668 1483 3733 iniectione
1538 3689 1846 3732 manuum
1900 3669 1968 3732 in
2023 3689 2091 3734 se
2138 3669 2314 3751 ipsos
2361 3669 2772 3733 incurrerunt

214 3772 894 3839 excommunicationis
940 3774 1264 3839 vinculum
1311 3776 1411 3840 vel
1455 3777 1790 3841 incurrent
1831 3781 1946 3841 aut
1989 3775 2058 3839 in
2103 3774 2264 3840 illud
2311 3780 2463 3840 ante
2509 3796 2769 3858 suscep-

212 3886 353 3945 tum
407 3878 702 3945 habitum
747 3880 1131 3964 inciderunt,
1180 3902 1430 3947 necnon
1475 3888 1551 3948 ut
1595 3904 1727 3965 ece,
1784 3883 1897 3966 qui
1942 3883 2170 3948 relicta
2214 3883 2499 3947 vanitate
2546 3881 2768 3963 seculi,

213 3988 548 4072 cupientes
594 3993 806 4053 vestre
860 3987 1244 4054 humilitatis
1301 3989 1570 4072 collegio
1626 3990 1995 4074 aggregari,
2055 4010 2125 4055 se
2171 3995 2473 4055 asserunt
2518 4010 2768 4054 excom-

213 4095 650 4160 municatione
680 4096 936 4178 ligatos,
984 4117 1066 4161 ne
1110 4096 1401 4180 ipsorum
1447 4096 1530 4161 ad
1576 4097 1770 4162 deum
1816 4097 2026 4181 possit
2068 4096 2368 4181 impediri
2414 4097 2767 4178 conversio,

394 4327 414 4359 ¹
451 4326 645 4382 Durch
680 4330 816 4384 zwei
859 4327 1127 4398 parallelo
1174 4329 1358 4385 kleine
1394 4329 1607 4385 Striche
1653 4329 1792 4383 iiber
1838 4331 1936 4385 der
1971 4330 2159 4397 Linie‚
2198 4329 2407 4385 welche
2451 4334 2538 4384 rot
2574 4329 2769 4385 durch-

209 4417 455 4473 strichen
498 4416 638 4486 sind,
675 4417 814 4473 wird
860 4418 950 4473 die
994 4416 1249 4490 Stellung
1293 4418 1389 4473 des
1433 4418 1682 4485 WorteS,
1729 4418 1964 4473 welches
2007 4437 2108 4474 vor
2151 4418 2533 4473 favorabiliter
2588 4419 2768 4487 stand,

209 4506 499 4579 geandert.
715 4506 738 4539 ²
773 4507 885 4561 Am
928 4506 1086 4563 Ende
1132 4508 1231 4563 der
1266 4507 1756 4579 vorhergehenden
1800 4507 1965 4562 Zeile.
2181 4506 2204 4538 ⁸
2239 4506 2349 4562 Die
2394 4509 2585 4562 zweite
2622 4507 2771 4562 Zeile

210 4596 311 4651 der
346 4582 696 4652 chrschrift
739 4595 869 4650 fflllt
914 4597 1005 4651 die
1048 4599 1239 4652 zweite
1275 4596 1470 4651 Halfte
1516 4599 1615 4651 der
1650 4601 1832 4651 ersten
1869 4596 2017 4651 Zeile
2064 4597 2160 4651 des
2197 4614 2376 4651 neuen
2413 4595 2770 4656 Abschnittes

210 4703 330 4744 aus.
477 4685 500 4719 ⁴
536 4703 736 4745 nomen
773 4703 863 4744 am
889 4685 1085 4745 Raude
1111 4686 1256 4745 links
1294 4705 1404 4747 von
1441 4687 1735 4745 derselben
1762 4685 1931 4743 Hand
1968 4685 2394 4761 nachgetragen.
