3242 5184
257 2274 375 2327 Fol.
417 2280 445 2327 7
459 2281 497 2327 ²,

1608 300 2031 361 —12-„.

538 475 679 539 sitis
725 474 826 538 vel
872 475 1274 557 imponendis
1322 495 1442 539 nec
1487 474 1651 539 alias
1698 474 1893 538 michi
1941 474 2040 537 vel
2072 494 2215 539 meo
2254 473 2465 539 officio
2514 473 2897 557 applicando
2947 496 3094 539 non

536 582 883 665 recipiam,
941 582 1245 664 quinymo
1301 602 1521 645 omnes
1575 579 1930 645 familiares
1987 587 2054 645 et
2114 580 2423 646 officiales
2487 602 2666 646 meos
2732 602 2900 665 cum,
2942 579 3103 644 dili-

537 689 782 772 gencia,
832 709 963 770 qua
1008 692 1255 770 poter0,
1304 687 1388 752 ab
1435 687 1562 770 hijs
1594 686 1830 752 faciam
1863 688 2190 753 abstinere
2222 693 2288 751 et
2319 688 2402 751 ad
2438 687 2560 753 hoc
2592 688 2947 770 astringam
2985 708 3105 752 eos

539 817 761 861 eorum
779 793 1046 879 proprio
1065 794 1449 859 iuramento.
1497 793 1682 860 Non1
1713 795 1936 877 rogavi
1967 815 2085 858 nec
2119 794 2479 878 supplicavi
2509 816 2628 859 1160
2659 794 2905 877 aliquid
2939 793 3105 858 dedi

538 924 653 967 seu
697 902 968 986 promisi
1012 907 1128 966 aut
1173 900 1315 965 dari
1370 923 1486 966 seu
1541 901 1834 984 promitti
1879 900 2001 965 feci
2057 924 2173 985 pro
2228 902 2355 967 isto
2401 900 2614 967 officio
2662 900 3101 984 assequendo,

537 1008 644 1075 Sic
689 1029 791 1073 me
840 1007 997 1072 deus
1045 1006 1310 1073 adiuvet
1354 1013 1421 1073 et
1463 1007 1584 1072 1160
1632 1013 1861 1073 sancta
1907 1007 2011 1072 dei
2059 1009 2410 1092 evangelia,
2502 1008 2576 1073 Τ.

802 1258 1329 1323 Iuramentum
1377 1258 2036 1340 abbreviatorum,
2086 1264 2214 1341 qui
2259 1264 2525 1324 tenent
2571 1280 2912 1324 cameras
2964 1256 3098 1322 do-

891 1365 1261 1430 minorum
1305 1364 2123 1448 prothonotariorum,2

714 1507 853 1590 Ego
904 1556 917 1570 .
955 1557 968 1571 .
1020 1493 1432 1572 abbreviator
1461 1508 1624 1588 iuro,
1676 1506 1849 1589 quod
1881 1506 2164 1572 officium
2195 1507 2721 1601 meumvfideliter
2752 1508 3094 1587 exercebO,

537 1616 755 1682 dolum
810 1637 923 1679 seu
978 1613 1271 1678 fraudem
1328 1613 1616 1696 aliquam
1673 1614 1845 1677 circa
1897 1614 2110 1697 ipsum
2166 1614 2450 1680 officium
2504 1637 2630 1681 non
2686 1614 3097 1680 committam

538 1744 656 1787 nec
703 1721 1111 1787 consenciam
1159 1720 1607 1801 committenti,
1658 1726 1724 1784 et
1757 1720 1811 1784 si
1845 1722 2047 1787 sciam
2080 1721 2362 1804 aliquem
2396 1721 2613 1786 dolum
2645 1721 2746 1786 vel
2791 1722 3095 1787 fraudem

538 1830 710 1894 circa
740 1828 860 1893 hec
892 1828 1420 1908 committentem,
1441 1826 1699 1893 domino
1723 1876 1736 1890 ,
1762 1876 1775 1890 .
1800 1828 2349 1910 vicecancellari0‚
2372 1850 2568 1911 quam
2590 1830 2787 1893 cicius
2819 1829 3094 1896 comode

537 1939 784 2019 potero,
831 1934 1150 1999 revelabo,
1230 1933 1633 2000 Taxaciones
1665 1940 1966 1999 notarum
1997 1956 2114 2017 per
2162 1935 2491 2001 dominum
2537 1936 2741 2001 felicis
2788 1936 3093 2001 recorda-

539 2042 741 2107 cionis
788 2041 1144 2107 Iohannem
1184 2039 1500 2106 XXIIdum
1546 2063 1866 2105 summum
1912 2040 2281 2124 pontificem
2330 2041 2659 2107 ordinatas
2707 2043 3093 2125 diligencius

539 2148 896 2214 observabo
943 2169 1063 2212 nec
1109 2148 1355 2230 aliquid
1403 2148 1681 2212 scienter
1725 2170 1842 2231 per
1887 2171 1990 2213 me
2036 2148 2137 2213 vel
2193 2149 2392 2213 alium
2448 2151 2701 2232 exigam
2758 2171 2871 2214 seu
2925 2151 3092 2214 reci-

536 2256 713 2339 piam
732 2255 906 2318 ultra
939 2254 961 2341 ΙΙ
997 2254 1164 2319 illas,
1211 2254 1342 2319 Pro
1365 2255 1735 2337 signacione
1768 2261 2067 2320 notarum
2100 2277 2216 2320 seu
2247 2262 2398 2320 note
2430 2260 2546 2320 aut
2574 2258 2972 2340 peticionum
2993 2257 3093 2320 vel

539 2362 878 2445 peticionis
929 2360 1129 2425 nichil
1179 2361 1508 2445 recipiam.
1587 2362 1756 2426 Item
1803 2385 1932 2427 non
1977 2363 2287 2446 recipiam
2333 2364 2686 2446 peticiones
2736 2385 2850 2427 seu
2895 2369 3090 2428 notas

452 2522 457 2525 A
538 2469 903 2533 litterarum
936 2467 1269 2532 audiencie
1301 2474 1518 2550 preter
1549 2491 1681 2550 eaS,
1717 2491 1842 2551 que
1872 2469 2068 2534 michi
2100 2470 2180 2533 de
2212 2471 2468 2534 comuni
2499 2470 2655 2534 data
2686 2472 3089 2553 provenient,

538 2576 664 2639 nisi
712 2575 791 2638 de
838 2574 1144 2639 mandato
1193 2574 1436 2641 domini
1480 2575 1987 2658 vicecancellarij
2040 2596 2154 2640 seu
2191 2577 2450 2659 notarij,
2485 2581 2551 2640 et
2581 2576 2698 2641 has
2731 2578 3089 2659 peticiones

539 2681 848 2764 recipiam
912 2703 1028 2763 per
1083 2704 1313 2745 manus
1371 2682 1644 2747 duorum
1699 2683 1801 2747 vel
1856 2683 2047 2746 unius
2104 2683 2300 2746 iurati
2348 2683 2791 2748 distributoris
2839 2705 3087 2763 earum,

539 2789 652 2871 qui
698 2789 785 2851 sit
830 2787 1245 2852 abbreviator
1289 2811 1406 2872 per
1450 2791 1640 2853 unius
1687 2790 1926 2854 mensis
1973 2788 2074 2853 vel
2118 2790 2331 2853 minus
2379 2791 2698 2873 spacium,
2747 2797 2941 2874 prout
2994 2796 3090 2854 est

538 2895 641 2960 vel
684 2894 881 2959 fuerit
926 2895 1295 2959 ordinatum
1341 2916 1456 2978 per
1500 2898 1816 2978 notariOS,
1865 2897 2237 2977 duraturus,
2287 2896 2523 2978 quibus
2570 2896 2671 2961 vel
2718 2898 2821 2961 cui
2870 2918 3088 2960 succe-

540 3000 699 3065 dant
744 3000 852 3083 alij
905 3001 1387 3066 abbreviatores
1436 3003 1632 3066 simili
1678 3003 1867 3069 modo
1914 3003 2129 3067 iurati.
2208 3002 2376 3066 Item
2415 3003 2700 3085 aliquam
2747 3003 3088 3086 legendam

539 3130 667 3172 non
716 3107 984 3191 signabo
1033 3109 1169 3173 sine
1215 3109 1522 3174 mandato
1570 3111 1803 3193 notarij
1855 3132 1974 3175 nec
2021 3109 2104 3173 ad
2155 3111 2612 3174 correctoriam
2643 3111 3087 3174 transmittam

540 3214 640 3279 vel
685 3214 960 3298 portabo
1009 3216 1146 3279 sine
1202 3215 1511 3280 mandato
1567 3218 1822 3299 notarij,
1917 3216 2085 3281 Item
2149 3215 2395 3279 nullam
2460 3221 2680 3280 notam
2746 3239 2861 3281 seu
2925 3218 3084 3300 peti-

541 3324 790 3386 cionem
839 3320 1130 3403 signabo,
1179 3321 1304 3384 nisi
1352 3323 1482 3385 sint
1528 3321 1607 3386 de
1657 3344 1913 3387 camera
1949 3322 2183 3404 notarij
2237 3320 2480 3386 domini
2524 3322 2653 3385 mei
2700 3329 2766 3386 et
2812 3322 2891 3387 de
2941 3346 3084 3389 con-

539 3428 820 3492 sciencia
866 3428 1089 3512 ipsius,
1183 3427 1490 3510 LitteraS,
1541 3451 1666 3511 que
1714 3429 2003 3513 expediri
2050 3428 2289 3493 debent
2332 3429 2401 3491 in
2447 3428 2855 3511 cancellaria,
2903 3430 3084 3493 mali-

540 3537 711 3599 ciose
756 3557 885 3600 non
930 3534 1279 3617 impediam
1326 3555 1478 3615 nec,
1547 3542 1862 3617 quantum
1917 3537 1985 3599 in
2040 3556 2140 3598 me
2188 3533 2383 3598 fuerit
2403 3585 2418 3616 ,
2484 3535 2784 3618 impediri
2830 3535 3083 3600 faciam,

539 3640 992 3724 Impediendas
1055 3640 1260 3704 eciam
1314 3641 1644 3706 maliciose
1700 3643 1988 3726 expediri
2045 3641 2308 3704 minime
2353 3641 2733 3724 procurabo,
2827 3642 3083 3727 Impug-

539 3754 770 3812 nantes
819 3768 968 3811 vero
1016 3747 1268 3811 litteras
1315 3748 1382 3810 in
1430 3747 1818 3813 cancellaria
1867 3748 2160 3833 predicta
2204 3746 2501 3830 partibus
2550 3768 2665 3810 seu
2712 3769 2821 3811 eas
2859 3770 3083 3831 procu-

539 3854 836 3919 rantibus
881 3853 984 3917 vel
1028 3854 1320 3937 personis
1369 3853 1534 3936 alijs,
1582 3876 1699 3937 per
1745 3877 1907 3937 quas
1945 3855 2281 3938 pervenire
2311 3854 2522 3936 possit
2553 3853 2636 3918 ad
2668 3876 2893 3919 eorum
2924 3856 3083 3920 noti-

541 3961 728 4040 ciam,
776 3959 1039 4023 minime
1084 3959 1406 4024 revelabo,
1502 3959 1765 4025 Secreta
1812 3964 2017 4026 eciam
2063 3962 2193 4025 alia
2240 3961 2442 4043 ipsius
2490 3960 2912 4044 cancellarie,
2965 3982 3083 4045 que

541 4072 793 4130 secreta
825 4087 967 4130 esse
999 4086 1375 4148 cognoverO,
1418 4072 1663 4130 secrete
1694 4068 1929 4133 tenebo
1963 4089 2168 4150 eaque
2202 4068 2479 4131 scienter
2509 4067 2749 4131 nemini
2779 4068 3077 4149 pandam,

538 4173 628 4237 Et
675 4174 731 4236 si
778 4173 862 4237 ad
909 4173 1219 4238 noticiam
1257 4194 1467 4236 meam
1514 4173 1763 4256 aliquid
1811 4174 2110 4239 devenire
2159 4175 2519 4256 contingat,
2586 4174 2760 4256 quod
2807 4166 2893 4238 in*
2919 4175 3080 4258 peri-

540 4279 756 4344 culum
813 4299 927 4343 seu
980 4300 1171 4361 grave
1228 4278 1580 4363 dampnum
1635 4280 1914 4345 Romani
1967 4281 2289 4364 pontificis
2347 4287 2462 4345 aut
2515 4280 2758 4347 domini
2808 4331 2822 4345 ,
2865 4332 2876 4344 .
2923 4282 3080 4345 vice-

719 4476 737 4507 ¹
774 4463 930 4531 Uber
974 4493 1086 4530 non
1129 4480 1277 4529 roter
1312 4476 1491 4530 Strich
1537 4478 1641 4531 mit
1684 4483 1858 4532 rotem
1894 4477 2085 4531 Punkt
2132 4478 2386 4532 dariiber,
2460 4475 2571 4530 Am
2607 4477 2803 4532 Raude
2840 4476 3079 4532 dasselbe

539 4564 774 4619 Zeichen
811 4566 926 4618 und
963 4565 1217 4620 daneben
1253 4570 1363 4620 rot:
1404 4566 1645 4620 attende.
1757 4566 1778 4598 2
1812 4567 2190 4621 Iuramentum
2229 4566 2451 4621 illorum
2487 4565 2953 4635 abbreviatorum,
2991 4565 3077 4638 qui

538 4659 729 4709 tenent
765 4671 1009 4710 cameras
1046 4655 1391 4710 dominorum
1427 4657 1785 4711 notariorum,
1859 4654 2328 4730 Abbreviatorum
2365 4655 2504 4712 iiber
2541 4655 2639 4711 der
2675 4655 2839 4712 Zeile,
