3242 5184
1255 238 1743 300 -151-

210 412 580 494 suspitione
626 411 973 494 notabiles,
1032 412 1157 477 nisi
1213 412 1294 476 ad
1344 413 1724 476 mandatum
1772 412 2041 477 ecclesie
2087 413 2269 477 iuxta
2316 413 2776 480 consideratio-

206 539 351 583 nem
411 520 800 604 suspitionis
860 520 1374 603 qualitatemque
1428 540 1703 602 persone
1757 519 2088 603 propriam
2146 521 2582 585 innocentiam
2629 542 2777 585 con-

206 645 365 707 grua
408 612 811 711 'purgatione
857 626 1380 707 monstraverint,
1430 630 1742 709 tanquam
1789 626 2062 691 infames
2111 632 2176 691 et
2213 626 2464 691 banniti
2512 628 2596 693 ab
2643 650 2775 693 om-

204 732 395 797 nibus
444 733 853 814 habeantur,
900 733 995 797 ita
1043 731 1243 815 quod,
1304 733 1358 796 si
1406 734 1498 797 sic
1543 755 1661 817 per
1709 756 1949 798 annum
1997 735 2489 817 permanserint,
2540 739 2777 800 extunc

205 860 311 903 eos
359 841 547 904 sicut
589 841 910 906 hereticos
958 839 1523 923 condempnamus.
1618 840 1978 906 Statuimus
2027 849 2092 905 et
2135 841 2257 906 hoc
2298 841 2508 906 edicto
2540 842 2773 925 imper-

202 952 478 1030 petuum
551 948 850 1027 valitur0,
916 952 990 1011 ut
1053 951 1411 1031 potestates
1467 947 1569 1011 vel
1624 948 1921 1012 consules
1978 969 2092 1013 seu
2138 953 2452 1029 rectoreS,
2512 948 2776 1030 quibus—

205 1075 491 1137 cumque
562 1055 915 1137 fungantur
979 1053 1230 1136 officijs,
1297 1076 1414 1137 pro
1481 1053 1853 1119 defensione
1886 1059 1909 1138 ΙΙ
1946 1055 2097 1119 fidei
2160 1060 2455 1139 prestent
2517 1055 2777 1138 publice
2830 1061 2950 1116 Fol.
2976 1066 3039 1116 77
3053 1061 3095 1116 b.

204 1161 658 1227 iuramentum
673 1163 714 1243 1,
764 1161 937 1244 quod
985 1161 1064 1225 de
1120 1155 1311 1226 terri's
1369 1181 1484 1225 sue
1537 1161 2009 1227 1011011101101112
2077 1161 2384 1227 subiectis
2442 1162 2775 1227 universos

203 1267 539 1334 hereticos
599 1269 682 1334 ab
740 1269 1014 1333 ecclesia
1072 1268 1410 1333 denotatos
1466 1268 1638 1332 bona
1695 1267 1822 1333 fide
1877 1291 1994 1351 pro
2049 1269 2296 1334 viribus
2345 1269 2776 1334 exterminare

204 1375 594 1457 studebunt,
642 1376 737 1439 ita
782 1376 957 1457 quod
990 1375 1309 1456 ammodo,
1358 1374 1896 1457 quandocumque
1943 1376 2089 1457 quis
2136 1375 2334 1440 fuerit
2378 1377 2444 1440 in
2489 1380 2775 1459 potesta-

202 1486 333 1545 tem
405 1484 550 1547 sive
614 1488 994 1565 perpetuam
1069 1482 1201 1546 sive
1264 1481 1692 1564 temporalem
1756 1487 2127 1564 assumptus
2151 1533 2166 1564 ,
2242 1482 2404 1548 hoc3
2476 1488 2777 1547 teneatur

206 1589 582 1671 capitulum
627 1591 988 1654 iuramento
1034 1589 1313 1653 firmare.
1407 1588 1719 1670 Alioquin
1764 1609 1975 1670 neque
2021 1610 2139 1672 pro
2185 1589 2620 1673 potestatibus
2667 1611 2776 1654 ne-

207 1717 333 1778 que
380 1718 511 1780 pro
552 1696 925 1762 consulibus
962 1695 1289 1761 habentur
1318 1717 1673 1777 eorumque
1721 1697 2076 1761 sententias
2111 1697 2508 1761 decrevimus
2542 1703 2776 1762 extunc

205 1803 437 1869 irritas
499 1809 566 1869 et
618 1804 866 1868 inanes.
971 1802 1039 1868 Si
1093 1823 1244 1867 vero
1301 1802 1598 1867 dominus
1654 1803 2031 1886 temporalis
2085 1804 2438 1886 requisitus
2495 1810 2560 1869 et
2606 1826 2774 1869 com-

206 1911 503 1977 monitus
571 1911 654 1977 ab
721 1910 995 1975 ecclesia
1058 1916 1300 1974 terram
1356 1931 1541 1974 suam
1594 1931 1873 1993 purgare
1928 1911 2285 1993 neglexerit
2351 1911 2434 1975 ab
2489 1912 2777 1977 heretica

204 2020 563 2102 pravitate,
611 2023 760 2102 post
807 2039 1046 2082 annum
1093 2039 1134 2081 a
1177 2023 1469 2100 tempore
1514 2018 1887 2082 monitionis
1944 2018 2236 2101 elapsum
2282 2023 2523 2082 terram
2570 2019 2774 2102 ipsius

207 2127 598 2209 exponimus
670 2124 1007 2190 catholicis
1076 2122 1547 2210 occupandam,
1614 2125 1728 2206 qui
1783 2145 1926 2188 eam
1981 2125 2423 2189 exterminatis
2471 2124 2772 2190 hereticis

206 2230 465 2315 absque
512 2232 649 2297 ulla
694 2231 1203 2297 contradictione
1235 2230 1614 2315 possideant
1647 2237 1712 2294 et
1743 2231 1809 2294 in
1839 2230 1992 2295 fidei
2035 2231 2322 2313 puritate
2371 2238 2772 2313 conservent,

208 2338 387 2405 salvo
438 2340 581 2404 iure
629 2338 873 2404 domini
918 2338 1324 2422 principalis,
1387 2337 1731 2403 dummodo
1779 2358 1974 2420 super
2017 2337 2139 2402 hoc
2192 2337 2442 2402 nullum
2488 2340 2775 2421 prestet4

206 2444 624 2511 obstaculum
681 2466 892 2528 neque
948 2444 1212 2527 aliquod
1266 2443 1795 2527 impedimentum
1853 2449 2165 2528 opponat,
2229 2443 2456 2508 eadem
2502 2445 2771 2510 nichilo-

205 2552 425 2617 minus
471 2553 615 2635 lege
662 2557 918 2617 servata
964 2558 1190 2617 contra
1236 2573 1365 2634 eos,
1415 2552 1526 2634 qui
1573 2574 1703 2616 non
1749 2549 1992 2615 habent
2028 2551 2321 2616 dominos
2359 2552 2769 2636 principales,

206 2655 566 2725 Credentes
612 2664 929 2742 preterea,
976 2664 1436 2742 receptatores,
1485 2658 1853 2723 defensores
1902 2662 1968 2722 et
2012 2657 2297 2722 fautores
2337 2658 2770 2723 hereticorum

205 2764 582 2848 bannimus,
614 2766 888 2831 firmiter
920 2771 1301 2846 0101000100,
1335 2772 1428 2846 01,
1463 2766 1537 2846 01,
1577 2770 1925 2849 postquam
1959 2764 2270 2846 quilibet6
2305 2765 2536 2829 talium
2577 2765 2773 2831 fuerit

207 2873 875 2939 excommunicatione
939 2877 1233 2954 11010100,
1301 2872 1677 2937 satisfacere
1725 2873 2204 2956 contempserit
2264 2872 2466 2961 infra*
2506 2895 2767 2956 annum,

206 2984 453 3045 extunc
507 2980 650 3063 ipso
703 2982 844 3044 iure
901 2980 986 3044 sit
1031 2980 1241 3044 factus
1289 2979 1548 3043 infamis
1595 3000 1714 3043 nec
1760 2978 1843 3043 ad
1889 2978 2152 3062 publica
2197 2978 2405 3045 offitia
2460 3001 2574 3044 seu
2622 3003 2769 3045 con-

208 3085 357 3152 silia
391 3088 493 3152 vel
524 3086 607 3151 ad
641 3086 968 3169 eligendos
1003 3087 1257 3168 aliquos
1290 3086 1374 3150 ad
1404 3086 1595 3150 huius
1636 3085 1865 3170 [modi]
1903 3107 2022 3150 nec
2054 3085 2138 3150 ad
2184 3087 2623 3150 testimonium
2657 3088 2767 3152 ad-

205 3193 530 3260 mittatur.
625 3193 724 3258 Sit
781 3194 979 3258 etiam
1024 3192 1447 3274 intestabilis,
1505 3198 1579 3256 ut
1626 3212 1744 3256 nec
1789 3193 2165 3257 testamenti
2209 3192 2484 3258 liberam
2529 3193 2770 3258 habeat

207 3297 558 3366 factionem
604 3320 723 3364 nec
763 3300 846 3365 ad
887 3300 1271 3365 hereditatis
1314 3299 1788 3364 successionem
1820 3298 2106 3363 accedat.
2199 3298 2429 3364 Nullus
2469 3307 2768 3383 preterea

210 3406 267 3469 ei
299 3428 500 3492 super
546 3427 952 3489 quocumque
998 3407 1278 3489 negotiO,
1328 3407 1442 3470 sed
1496 3406 1635 3488 ipse
1683 3406 1790 3489 alij
1840 3406 2231 3488 respondere
2279 3411 2566 3490 cogatur.
2648 3406 2765 3471 Or-

210 3512 502 3579 dinarius
551 3514 812 3597 quidem
828 3514 852 3552 ⁷
898 3515 954 3579 si
1000 3513 1164 3578 forte
1210 3512 1404 3577 iudex
1451 3514 1759 3594 extiterit,
1808 3513 1945 3577 eius
1994 3515 2315 3577 sententia
2360 3514 2606 3579 nullam
2654 3513 2762 3578 011-

209 3619 417 3687 1111001
462 3621 836 3686 firmitatem
882 3641 1002 3685 nec
1058 3641 1249 3685 cause
1309 3620 1523 3702 alique
1570 3619 1654 3684 ad
1702 3620 1839 3684 0100
1887 3620 2284 3684 audientiam
2329 3619 2761 3704 proferantur.

212 3723 279 3790 Si
343 3727 543 3792 fuerit
605 3727 984 3809 advocatuS,
1064 3727 1200 3791 eius
1286 3727 1720 3810 patrocinium
1787 3726 2157 3791 nullatenus
2224 3727 2639 3808 admittatur,
2708 3728 2763 3792 si

210 3834 497 3915 tabellio,
543 3835 977 3899 instrumenta
1009 3834 1302 3899 confecta
1340 3855 1459 3919 per
1501 3834 1715 3917 ipsum
1761 3833 2002 3899 nullius
2051 3834 2180 3898 sint
2225 3834 2552 3898 momenti.
2633 3832 2760 3897 Na-

211 3940 382 4024 vigia
413 3962 795 4024 quocunque
812 3941 837 3979 Β
883 3962 1039 4005 00011
1080 3941 1490 4024 contingente
1536 3947 1732 4025 rupta
1778 3941 2019 4006 fuerint
2061 3940 2164 4005 vel
2211 3941 2342 4005 alia
2388 3940 2469 4010 ad
2519 3947 2760 4004 terram

210 4048 620 4130 perveniant,
677 4053 814 4114 tam
868 4049 1128 4132 navigia
1185 4049 1330 4130 ipsa
1376 4070 1573 4130 quam
1619 4048 2061 4130 navigantium
2119 4046 2289 4112 bona
2333 4046 2463 4110 illis
2509 4047 2758 4129 integre

212 4161 685 4238 conserventur,
733 4155 817 4220 ad
864 4177 1024 4237 quos
1072 4154 1474 4239 spectabant,
1522 4160 1875 4236 antequam
1921 4153 2248 4236 navigium
2293 4154 2545 4238 ipsum9
2591 4154 2757 4236 peri-

385 4333 403 4365 ¹
441 4332 703 4390 Hdschr.:
741 4337 1029 4390 virtutum.
1212 4333 1232 4364 ²
1268 4331 1388 4387 Aus
1424 4334 1831 4387 iurisdictionis.
1906 4351 1931 4385 s
1969 4351 2060 4389 am
2096 4333 2253 4387 Ende
2291 4332 2754 4402 unterpunktiert.

213 4417 233 4449 ⁸
264 4421 525 4477 Hdschr.:
562 4422 668 4478 hic.
829 4422 852 4453 ⁴
890 4423 1148 4477 Hdschr.:
1185 4427 1447 4493 prestent.
1612 4422 1635 4453 5
1670 4422 1932 4476 Hdschr.:
1971 4426 2280 4492 propterca.
2433 4422 2455 4453 ⁶
2490 4420 2753 4476 Hdschr.:

213 4511 471 4580 qualibet.
618 4512 639 4550 ἵ
673 4510 747 4568 So
784 4512 874 4567 fiir
910 4514 1072 4579 Quod
1107 4516 1156 4569 si
1190 4513 1348 4569 forte.
1494 4512 1516 4544 ⁸
1553 4529 1662 4566 cun
1697 4512 1836 4567 iiber
1871 4513 1969 4568 der
2005 4512 2153 4567 Zeile
2189 4511 2615 4582 nachgetragen.
2682 4510 2754 4567 So

211 4597 294 4656 fiir
327 4618 658 4676 quocunque
693 4603 938 4661 locorum
971 4604 1304 4677 perveniant
1339 4607 1399 4662 et
1431 4619 1540 4675 quo
1578 4607 1680 4659 etc.
1826 4603 1848 4638 ⁹
1885 4600 1955 4658 So
1993 4601 2083 4657 fiir
2118 4600 2449 4659 huiusmodi.
2668 4611 2671 4614 ’
