3242 5184
1289 310 1668 370 *5*-

202 488 321 547 aut
379 504 495 567 per
551 484 751 547 alium
816 505 934 548 nec
998 505 1390 567 quemquam
1455 483 1675 565 rogavi
1734 504 1853 547 nec
1912 482 2112 564 alius,
2179 504 2282 547 1110
2343 489 2748 565 procurante,

200 590 469 672 rogavit.
562 589 730 654 Item
790 589 961 671 quod
1008 590 1171 654 nulli
1219 589 1388 656 dabo
1437 590 1567 653 sive
1616 589 2002 654 distribuam
2049 595 2270 654 notam
2317 590 2418 653 vel
2463 588 2749 653 litteram

199 695 285 760 ad
332 695 760 777 scribendum,
810 718 1002 779 quem
1049 696 1346 761 dominus
1396 717 1570 779 papa
1606 697 1709 760 vel
1744 694 2315 760 vicecancellarius
2371 694 2455 760 ad
2492 700 2746 778 tempus

197 802 300 868 vel
343 803 818 887 imperpetuum
866 802 1124 868 duxerit
1168 802 1691 887 suspendendum
1715 853 1730 884 ,
1779 802 1956 867 salvo
2004 823 2120 886 per
2167 803 2382 867 omnia
2439 800 2748 866 mandato

196 915 429 975 vestro.
525 908 631 974 Sic
677 931 780 975 me
828 908 985 975 deus
1033 909 1295 975 adiuvet
1342 915 1408 975 et
1451 908 1571 973 hec
1618 914 1845 974 sancta
1894 909 1997 974 dei
2044 909 2398 992 evangelia.

464 1123 988 1189 Iuramentum
1035 1123 1653 1207 rescribendarij
1707 1122 1794 1187 de
1840 1123 2218 1187 iusticia.l
2786 1139 2904 1195 Fol.
2945 1146 3027 1193 3⁸.

373 1247 513 1331 Ego
564 1298 576 1311 .
615 1297 627 1311 .
679 1247 1062 1313 distributor
1107 1253 1409 1312 notarum
1456 1247 1843 1327 litterarum,
1893 1269 2017 1330 que
2064 1268 2179 1331 per
2225 1267 2517 1311 cameras
2563 1251 2744 1310 nota-

191 1356 436 1420 riorum
468 1360 826 1435 transeunt,
874 1355 1035 1436 iur0,
1076 1353 1249 1438 quod
1281 1353 1564 1419 officium
1601 1352 1798 1417 michi
1836 1375 1950 1436 per
1988 1375 2119 1434 VOS,
2161 1352 2415 1419 domine
2464 1402 2478 1416 .
2516 1402 2529 1416 .
2579 1352 2745 1417 vice-

192 1461 614 1543 cancellarie,
682 1482 889 1543 usque
955 1460 1038 1525 ad
1104 1460 1440 1524 dimidium
1501 1482 1741 1524 annum
1802 1460 2212 1524 commissum
2275 1458 2616 1541 diligenter
2682 1465 2747 1523 et

191 1567 477 1632 fideliter
535 1567 879 1648 exercebo,
940 1567 1234 1633 fraudem
1294 1574 1408 1632 aut
1466 1567 1684 1631 dolum
1733 1565 1905 1629 circa
1951 1564 2110 1630 illud
2157 1566 2526 1630 nullatenus
2575 1587 2744 1630 com-

189 1674 528 1739 mittendo.
617 1673 784 1738 Item
832 1673 1005 1756 quod
1052 1674 1324 1739 duorum
1357 1672 1828 1739 Turonensium
1874 1673 2286 1753 grossorum2
2332 1672 2582 1755 argenti
2628 1695 2744 1756 pro

188 1781 463 1864 singulis
510 1780 770 1862 diebuS,
832 1780 1067 1863 quibus
1115 1782 1241 1845 erit
1286 1780 1657 1861 audiencia,
1721 1779 1958 1844 salario
2006 1786 2346 1844 contentus
2394 1801 2503 1844 ero
2522 1831 2536 1860 ,
2584 1778 2744 1844 illud
2787 1848 2790 1853 ⁴

190 1909 310 1971 pro
359 1888 710 1952 universali
757 1887 997 1952 salario
1043 1909 1185 1953 11100
1233 1887 1550 1952 duntaxat
1593 1888 1913 1970 recipiens
1946 1893 2012 1950 et
2041 1908 2171 1951 non
2202 1886 2395 1968 ultra,
2444 1909 2562 1970 pro
2595 1887 2744 1971 alijs

185 2015 338 2060 vero
391 1993 618 2059 diebus
635 2045 650 2076 ,
711 1993 947 2076 quibus
1005 1993 1345 2058 audiencia
1403 2017 1529 2059 non
1576 1994 1803 2073 fuerit,
1864 1993 2063 2057 nichil
2121 1995 2380 2058 omnino
2436 1994 2740 2077 recipiam

186 2122 304 2165 nec
354 2100 591 2165 faciam
638 2101 946 2179 vicariam
992 2122 1110 2183 pro
1158 2100 1376 2183 aliquo
1424 2102 1550 2166 alio
1585 2102 1918 2183 scriptore,
1969 2098 2280 2181 quamdiu
2312 2099 2493 2165 fuero
2527 2099 2741 2164 distri-

184 2205 400 2271 butor.
494 2206 662 2271 Item
694 2206 868 2289 quod
899 2208 966 2270 in
999 2206 1461 2273 distribuendis
1509 2207 1680 2271 notis
1730 2227 1985 2289 semper
2030 2205 2311 2271 fideliter
2357 2213 2423 2270 et
2471 2207 2739 2287 solicite,

183 2319 384 2396 prout
428 2319 672 2396 potero,
722 2313 1142 2396 equalitatem
1191 2318 1257 2377 et
1300 2315 1648 2397 paritatem
1698 2312 1989 2377 servabo.
2075 2312 2244 2377 Item
2292 2312 2462 2395 (111οᾶ
2512 2319 2742 2377 cuncta

186 2425 442 2484 secreta
480 2422 735 2484 racione
769 2419 958 2503 officij
1009 2419 1284 2503 predicti
1315 2419 1510 2484 michi
1543 2419 2006 2485 committenda
2041 2419 2174 2483 sive
2208 2418 2742 2484 communicanda

185 2533 433 2592 secrete
494 2527 765 2592 servabo
813 2548 890 2592 ac
937 2548 1014 2591 ea
1072 2526 1217 2608 hijs,
1279 2525 1512 2608 quibus
1571 2525 1687 2588 illa
1748 2546 1826 2588 ex
1872 2525 2084 2590 officio
2133 2525 2422 2609 predicto
2470 2547 2585 2608 per
2631 2546 2740 2591 eos

185 2634 529 2699 scribenda
593 2634 1068 2699 communicare
1133 2631 1423 2713 habeb0,
1494 2637 1739 2695 secrete
1806 2631 2147 2696 scribenda
2211 2638 2276 2696 et
2341 2631 2741 2715 expedienda

183 2742 605 2805 committam.
683 2740 849 2804 Item
882 2739 1055 2822 quod
1085 2739 1459 2804 taxaciones
1497 2759 1615 2821 per
1646 2736 1850 2802 felicis
1882 2737 2356 2804 recordacionis
2387 2737 2742 2803 Iohannem

182 2848 406 2911 divina
451 2847 863 2937 providencia
909 2867 1145 2929 papam
1190 2844 1412 2909 XXII.
1471 2844 1824 2925 ordinataS,
1875 2845 2153 2927 scriptas
2213 2850 2278 2908 et
2335 2846 2616 2910 insertas
2674 2846 2739 2909 in

182 2953 565 3037 provinciali
598 2953 1002 3033 cancellarie,
1051 2952 1331 3017 fideliter
1371 2952 1746 3017 observabo,
1825 2951 1996 3016 Item
2027 2950 2200 3034 quod
2232 2973 2453 3016 omnes
2489 2952 2740 3017 litteras

183 3061 609 3145 apostolicaS,
660 3060 792 3124 sive
840 3081 954 3143 per
1000 3080 1102 3122 1110
1150 3060 1283 3123 81νο
1341 3080 1457 3141 per
1515 3059 1678 3123 alios
1727 3058 2073 3141 scriptores
2121 3058 2426 3141 scriptas,
2476 3081 2593 3142 per
2637 3081 2740 3126 me

186 3167 534 3249 taxandaS,
584 3166 869 3249 exceptis
915 3164 1151 3229 litteris
1199 3166 1374 3229 curie
1422 3170 1487 3229 et
1530 3165 1662 3230 illis
1710 3165 2058 3246 duntaxat,
2108 3186 2233 3247 que
2279 3187 2396 3248 per
2452 3188 2564 3231 vos
2627 3188 2742 3232 seu

183 3274 387 3339 alium
446 3272 548 3337 vel
607 3272 768 3337 alios
828 3271 907 3335 de
966 3272 1274 3337 mandato
1335 3293 1449 3336 seu
1503 3271 1775 3336 licencia
1819 3272 2051 3336 vestris
2096 3293 2215 3354 pro
2262 3271 2382 3337 deo
2431 3271 2532 3337 vel
2578 3273 2740 3338 alias

189 3381 273 3445 ad
322 3379 739 3445 scribendum
786 3379 989 3461 gratis
1039 3380 1289 3460 signate
1338 3376 1598 3459 fuerint,
1649 3377 2102 3461 scriptoribuS,
2152 3378 2262 3460 qui
2311 3399 2422 3443 eas
2471 3379 2740 3463 scripse-

183 3488 346 3568 rint,
411 3486 477 3548 in
535 3484 786 3568 pitaffio
844 3483 1124 3549 fideliter
1178 3483 1598 3567 computabo,
1661 3484 1906 3549 nullam
1966 3483 2045 3548 de
2103 3485 2196 3548 eis
2246 3486 2524 3549 scienter
2571 3507 2739 3550 com-

185 3599 419 3676 putare
465 3591 615 3673 illis,
664 3592 775 3673 qui
823 3613 933 3656 eas
982 3591 1378 3674 scripserint,
1426 3596 1501 3654 ut
1545 3589 1905 3674 prefertur,
1970 3591 2451 3673 quomodolibet
2498 3596 2739 3674 preter-

188 3700 473 3763 mittens.
552 3698 720 3764 Item
767 3698 938 3781 quod
986 3720 1104 3781 pro
1151 3697 1521 3763 huiusmodi
1569 3697 1853 3763 officium
1901 3696 2301 3780 assequendo
2348 3696 2547 3761 nichil
2594 3697 2741 3763 dedi

190 3811 302 3870 aut
331 3805 601 3889 promisi
637 3826 755 3888 per
799 3826 901 3868 me
948 3809 1063 3868 aut
1107 3825 1224 3887 per
1269 3803 1468 3868 alium
1514 3824 1633 3867 nec
1681 3824 2073 3886 quemquam
2120 3804 2340 3886 rogavi
2386 3824 2505 3868 nec
2551 3803 2739 3886 aliuS,

189 3933 288 3976 me
320 3916 732 3996 procurante,
771 3909 1040 3992 rogavit.
1120 3910 1289 3975 Item
1322 3909 1495 3992 quod
1525 3909 1690 3974 nulli
1723 3909 1890 3974 dabo
1925 3932 2039 3975 seu
2086 3909 2473 3975 distribuam
2518 3916 2740 3975 notam

192 4018 271 4082 ad
319 4017 763 4098 scribendum,
832 4037 1024 4099 quem
1072 4015 1367 4083 dominus
1413 4022 1637 4082 noster
1681 4038 1854 4099 papa
1899 4015 1999 4081 vel
2045 4016 2610 4082 vicecancellarius
2658 4017 2742 4081 ad

191 4129 442 4208 tempus
489 4125 592 4189 vel
636 4124 1114 4207 imperpetuum
1161 4122 1419 4187 duxerit
1465 4122 2006 4206 suspendendum.
2105 4121 2296 4189 Salvo
2343 4145 2459 4207 per
2524 4125 2742 4189 omnia

193 4230 497 4297 mandato
544 4235 777 4295 vestro.
864 4228 971 4295 Sic
1017 4250 1119 4294 me
1168 4228 1326 4294 deus
1375 4229 1638 4295 adiuvet
1684 4235 1750 4294 et
1794 4229 1914 4293 hec
1962 4234 2188 4294 sancta
2235 4229 2340 4295 dei
2387 4230 2736 4314 evangelia.

370 4391 389 4422 ¹
425 4390 633 4446 Hierzu
669 4408 759 4445 am
797 4390 1015 4445 Raude:
1065 4390 1439 4445 Iuramentum
1483 4390 1842 4461 prestandum
1886 4408 1987 4460 per
2032 4390 2442 4446 distributorem
2488 4396 2738 4446 notarum

197 4476 260 4530 de
312 4480 543 4533 iusticia.
635 4478 754 4534 Das
807 4496 844 4531 11
899 4482 958 4532 111
1014 4484 1271 4534 notarum
1325 4481 1397 4533 ist
1449 4498 1560 4535 von
1613 4478 1904 4534 derselben
1956 4478 2126 4533 Hand
2180 4497 2280 4534 aus
2339 4480 2375 4533 d
2431 4479 2739 4551 korrigiert.

199 4563 220 4595 ²
263 4583 570 4635 grossorum
617 4567 720 4621 auf
758 4567 953 4622 Rasur.
1036 4566 1146 4620 Am
1189 4568 1384 4623 Raude
1428 4567 1573 4623 steht
1627 4586 1940 4638 grossorum
1994 4570 2052 4621 in
2106 4568 2204 4624 der
2247 4569 2409 4623 Hohe
2454 4569 2740 4625 derselben

199 4651 354 4707 Linie
388 4654 655 4712 bemerkt.
731 4656 963 4712 Danach
1000 4657 1098 4714 hat
1134 4656 1382 4714 offenbar
1418 4658 1508 4712 die
1547 4657 1859 4712 Korrektur
1892 4659 1968 4712 im
2005 4657 2145 4712 Text
2181 4657 2613 4730 stattgefunden.
