3242 5184
1353 292 1840 354 ——229--

581 467 688 532 De
735 470 988 532 causis
1037 468 1603 552 spoliacionum
1650 473 1725 531 et
1770 469 2275 552 suspensione
2320 472 2697 555 petitorij.

497 609 566 674 Si
611 616 792 675 actor
838 632 906 675 se
964 611 1120 675 dicit
1173 611 1519 695 spoliatum
1574 615 1641 673 et
1685 630 1811 674 non
1860 610 1971 674 det
2016 610 2304 676 libellum
2353 614 2467 678 sed
2512 614 2874 698 posiciones

316 722 381 781 et
435 717 742 781 articulos
758 768 774 799 ,
831 719 942 800 qui
999 718 1339 782 dumtaxat
1393 716 1673 801 spolium
1730 723 2140 799 concernant,
2197 725 2263 782 et
2318 719 2593 785 deducet
2644 723 2712 786 in
2758 724 2872 803 eis,

312 823 593 905 qualiter
663 846 830 907 rem,
897 846 1026 907 qua
1091 825 1404 908 spoliatus
1470 823 1735 903 existat,
1818 821 2084 905 pacifice
2159 832 2449 909 tempore
2508 828 2875 894 huiusmodi

314 930 727 1014 spoliacionis
791 932 1196 1016 possidebat,
1264 939 1330 996 et
1392 929 1736 995 concludat
1795 930 1862 992 in
1926 930 2296 996 huiusmodi
2362 935 2648 999 articulis
2712 937 2875 1018 peti-

316 1038 566 1102 cionem
630 1059 813 1102 suam
877 1039 1018 1104 loco
1073 1039 1278 1104 libelli
1334 1060 1463 1102 non
1521 1037 1659 1100 dati
1705 1041 1773 1100 et
1818 1037 2199 1103 concludere
2245 1041 2631 1124 peticionem
2678 1041 2876 1106 talem

315 1144 618 1227 voluerit,
675 1147 917 1228 poterit
970 1146 1275 1211 conclusa
1329 1145 1396 1207 in
1453 1146 1680 1224 causa,
1728 1143 1829 1207 vel
1884 1146 2142 1226 quando
2191 1148 2251 1211 ei
2296 1147 2639 1230 placuerit,
2698 1153 2875 1212 ante-

250 1306 259 1315 .
315 1272 510 1333 quam
566 1251 910 1317 diffinitiva
963 1253 1295 1318 sentencia
1349 1248 1624 1331 feratur,
1681 1250 2069 1331 peticionem
2123 1256 2541 1319 summariam
2587 1255 2763 1336 dare,
2814 1262 2880 1319 et

314 1378 444 1421 non
492 1359 780 1440 expedit,
830 1360 1004 1442 quod
1050 1360 1237 1424 alteri
1281 1357 1453 1440 parti
1499 1357 1813 1420 terminus
1859 1357 2216 1441 prefigatur
2270 1368 2386 1425 aut
2429 1363 2662 1426 citetur
2705 1361 2877 1427 idem

317 1462 400 1527 ad
448 1463 789 1529 dicendum
835 1473 1062 1531 contra
1105 1463 1473 1531 huiusmodi
1535 1463 1952 1528 summariam
2007 1468 2394 1550 peticionem
2442 1469 2536 1532 sic
2583 1468 2877 1533 absolute

314 1571 382 1632 in
427 1570 665 1635 iudicio
724 1593 837 1637 seu
896 1580 1081 1638 extra
1129 1573 1371 1657 datam,
1429 1575 1495 1633 et
1549 1570 1643 1633 sic
1698 1568 1970 1637 ulterius
2027 1573 2323 1639 dominus
2379 1575 2638 1640 auditor
2683 1595 2877 1640 cause

316 1676 566 1759 absque
629 1680 1051 1761 suspensione
1104 1683 1389 1768 petitorij
1455 1705 1639 1748 suam
1697 1683 2094 1748 sentenciam
2148 1682 2652 1764 promulgaverit
2695 1683 2878 1746 iuxta

315 1784 702 1868 peticionem
749 1808 863 1850 seu
899 1786 1190 1852 libellum
1237 1796 1353 1854 aut
1399 1792 1876 1856 conclusionem
1924 1788 2345 1853 articulorum
2383 1789 2875 1854 antedictorum.

316 1890 446 1955 Sed
513 1898 741 1957 caveat
803 1894 1082 1976 auditor,
1145 1896 1319 1978 quod
1383 1919 1513 1963 non
1577 1896 1747 1961 ferat
1809 1899 1925 1961 aut
1979 1895 2157 1960 dicat
2207 1897 2276 1959 in
2320 1886 2712 1962 huiusmodi⁴
2736 1905 2877 1960 s'en-

315 1999 549 2081 tencia,
617 2000 789 2082 quod
852 2002 1230 2084 petitorium
1297 2004 1565 2085 senciat,
1633 2003 1933 2068 videlicet
1997 2002 2171 2084 quod
2234 2004 2623 2085 pronunciat
2678 2002 2879 2067 talem

315 2127 452 2169 rem
500 2106 583 2171 ad
629 2107 842 2189 illum,
899 2130 1017 2192 pro
1073 2130 1202 2191 quo
1259 2111 1666 2175 sentenciam
1720 2109 1876 2190 fert,
1934 2130 2051 2192 pro
2097 2130 2269 2172 nunc
2317 2114 2610 2192 spectare
2658 2115 2773 2174 aut
2818 2110 2878 2173 ei

317 2213 675 2295 adiudicet,
740 2214 896 2279 licet
950 2214 1117 2280 forte
1174 2217 1423 2300 petitur
1478 2218 1830 2282 summaria
1894 2216 2219 2281 conclusio
2285 2215 2706 2280 articulorum
2763 2236 2877 2279 seu

321 2319 580 2384 libellus
637 2320 761 2384 fuit
813 2316 982 2386 male
1040 2322 1141 2387 vel
1196 2324 1413 2407 inepte
1460 2324 1668 2388 eciam
1714 2322 1929 2406 quoad
1981 2323 2368 2406 peticionem
2425 2320 2699 2387 forsitan
2750 2320 2876 2385 for-

317 2432 552 2491 matus,
665 2427 907 2493 Similis
971 2429 1200 2494 modus
1264 2430 1733 2514 pronunciandi
1805 2431 1872 2511 in
1936 2430 2283 2513 sentencijs
2348 2434 2876 2512 attemptatorum

317 2533 432 2596 lite
479 2534 801 2616 pendente
848 2534 1130 2600 ferendis
1178 2542 1489 2602 servatur.
2336 2528 2340 2537 ⁸

587 2748 775 2831 sslDe
823 2750 1341 2832 suspensione
1387 2750 1765 2835 petitorij.
3036 2739 3156 2793 Fol.
3226 2828 3242 2859 h

493 2890 805 2956 Preterea
860 2892 915 2956 si
971 2892 1286 2975 spoliatus
1341 2892 1593 2957 dederit
1646 2893 1938 2958 libellum
1996 2892 2369 2976 petitorium
2424 2896 2490 2956 et
2536 2912 2877 2974 suspenso·
2916 2828 3212 2986 60(ξῇἓῖ

314 2997 484 3061 rium
531 2998 998 3080 continentem,
1057 3004 1123 3063 et
1169 3020 1365 3083 super
1407 3000 1521 3065 illo
1577 3000 1659 3064 lis
1706 3005 2111 3064 contestatur
2156 3020 2272 3062 seu
2317 3000 2751 3062 iuramentum
2798 2999 2878 3062 de

317 3104 688 3188 calumpnia
747 3106 1089 3189 prestitum
1144 3105 1359 3189 fuerit,
1417 3113 1533 3171 aut
1586 3106 1893 3171 articulos
1951 3107 2153 3173 eciam
2198 3106 2572 3190 petitorium
2619 3112 2686 3169 et
2729 3126 2876 3188 pos-

319 3213 667 3276 sessorium
715 3213 1221 3294 continenenteS,
1268 3219 1443 3295 tunc,
1494 3215 1548 3278 si
1595 3213 1663 3277 in
1708 3213 2107 3297 possessorio
2156 3233 2349 3295 agere
2395 3213 2688 3293 voluerit,
2738 3233 2877 3276 sus-

317 3317 558 3401 pendet
609 3319 985 3402 petitorium
1041 3320 1110 3383 in
1156 3319 1451 3410 qualibet
1495 3326 1682 3404 parte
1726 3319 1860 3384 litis
1908 3325 1974 3385 et
2017 3317 2141 3393 hoc
2196 3319 2616 3402 solempniter
2670 3319 2737 3382 in
2783 3318 2878 3383 iu-

320 3424 487 3488 dicio
527 3431 678 3489 ante
718 3425 1196 3491 conclusionem
1233 3427 1301 3489 in
1332 3447 1530 3490 causa
1558 3425 1819 3490 factam.
1889 3426 2168 3490 Demum
2198 3425 2584 3508 procedetur
2611 3425 2880 3489 ulterius

317 3532 385 3594 in
438 3533 837 3615 possessorio
895 3539 961 3596 et
1013 3532 1259 3597 feretur
1316 3533 1665 3598 sentencia.
1759 3532 1848 3597 Et
1903 3534 1957 3597 si
2003 3533 2469 3616 pronunciatur
2523 3532 2688 3596 bene
2727 3553 2879 3622 pro-

318 3658 573 3703 cessum
625 3660 743 3723 per
799 3646 1175 3721 sequentem
1234 3647 1350 3704 aut
1408 3647 1753 3722 sequentes
1808 3640 2087 3704 iudicem
2144 3661 2260 3705 seu
2313 3639 2587 3719 iudiceS,
2644 3638 2884 3719 poterit

317 3745 528 3810 dictus
595 3745 889 3810 dominus
957 3746 1215 3810 auditor
1278 3747 1459 3830 prius
1524 3748 1961 3831 pronuncians
2026 3748 2094 3810 in
2157 3747 2461 3830 petitorio
2523 3745 2659 3810 sine
2717 3765 2885 3808 nova

319 3852 769 3918 commissione
832 3853 1201 3936 procedere.
1312 3849 1479 3918 Item
1551 3853 1707 3920 licet
1773 3855 1939 3919 alius
2014 3853 2426 3937 suspenderit
2456 3935 2458 3937 ι
2488 3852 2882 3935 petitorium,

319 3958 561 4040 poterit
611 3943 830 4024 tamen
890 3960 972 4024 ad
1028 3960 1190 4024 illud
1245 3960 1478 4041 redire,
1547 3961 1602 4024 si
1649 3960 1943 4041 voluerit,
2010 3966 2076 4024 et
2120 3981 2237 4044 per
2283 3960 2645 4024 auditorem
2691 3978 2886 4023 cause

317 4062 533 4128 facere
587 4067 825 4130 resumi
886 4072 1001 4130 aut
1054 4066 1402 4150 procedere
1462 4067 1530 4130 in
1586 4073 1884 4150 utroque.
1985 4066 2183 4132 Nota:
2243 4067 2388 4132 Non
2434 4087 2690 4149 semper
2734 4065 2888 4128 licet

318 4168 602 4234 auditori
631 4173 1005 4253 petitorium
1035 4173 1404 4238 huiusmodi
1447 4174 1881 4257 suspendere2
1926 4180 2086 4238 nec3
2115 4176 2183 4238 in
2216 4173 2438 4238 eodem
2487 4172 2885 4256 possessorio

318 4277 707 4341 sententiam
761 4278 945 4358 ferat,
998 4281 1125 4344 nisi
1173 4281 1571 4364 suspendens
1590 4286 1615 4324 3
1653 4281 1827 4345 *illud
1881 4281 2168 4364 legitime
2226 4277 2600 4364 probaverit
2652 4278 2888 4361 spolia-

320 4386 596 4467 cionem,
657 4406 853 4466 quam
907 4387 1236 4468 pretendit
1290 4387 1369 4451 de
1427 4387 1568 4470 ipso
1623 4387 1892 4468 factam,
1950 4394 2016 4452 et
2075 4396 2229 4453 tunc
2284 4387 2542 4452 auditor
2585 4407 2704 4470 per
2748 4386 2888 4450 eius

502 4584 519 4615 ¹
558 4583 678 4637 Das
714 4581 973 4654 folgende
1012 4583 1218 4638 wieder
1253 4600 1365 4637 von
1402 4583 1499 4637 der
1535 4589 1717 4638 ersten
1755 4583 1941 4638 Hand.
2106 4584 2127 4614 ²
2164 4584 2320 4638 Nach
2357 4584 2689 4652 suspendere
2727 4586 2796 4636 ist
2834 4585 2889 4636 in

323 4671 422 4725 der
458 4672 768 4728 Handschr.
807 4674 914 4725 nisi
951 4672 1119 4725 fuerit
1155 4671 1329 4725 durch
1366 4670 1822 4727 Unterstreichen
1858 4672 2074 4743 getilgt.
2220 4672 2241 4702 ³
2279 4661 2432 4727 Uber
2468 4673 2566 4726 der
2600 4673 2766 4726 Zeile.
