3242 5184
1243 309 1667 379 0265*-

182 483 368 548 liceat
410 483 596 548 vobis
643 505 752 550 eos
800 505 947 549 cum
994 484 1233 548 saniori
1277 488 1464 566 parte
1512 483 1783 566 capituli
1830 503 2125 548 amovere
2180 481 2470 565 ipsisque
2516 487 2727 546 trans-

186 589 367 654 eundi
403 588 491 654 ad
528 589 727 655 alium
773 591 1081 672 ordinem,
1129 589 1243 655 ubi
1289 589 1643 655 secundum
1688 589 1882 655 deum
1927 590 2139 653 vivere
2185 587 2525 670 voluerint,
2575 586 2730 652 dare

182 697 503 760 licentiam
550 702 616 761 et
650 697 792 761 loco
827 697 1119 779 ipsorum
1157 697 1319 762 alios
1356 696 1641 780 ydoneos
1680 695 2094 777 substituere,
2143 695 2256 777 qui
2294 694 2500 758 eciam
2534 693 2727 757 unius

182 802 327 867 anni
381 804 595 886 spatio
652 803 721 866 in
774 808 994 868 vestra
1049 804 1360 869 societate
1413 803 1790 885 probentur.
1893 802 2036 884 Quo
2091 806 2357 886 peracto
2415 800 2471 864 si
2517 820 2727 864 mores

183 931 394 976 eorum
442 910 776 993 exegerint
822 916 889 975 et
931 911 1125 975 utiles
1173 909 1413 974 fuerint
1449 909 1532 974 ad
1572 910 1905 974 servitium
1942 914 2226 974 vestrum
2262 908 2526 988 inventi,
2573 912 2729 971 tunc

182 1017 429 1082 demum
475 1017 945 1100 professionem
990 1017 1236 1082 faciant
1277 1017 1663 1100 regularem,
1722 1016 2173 1100 promittentes
2230 1036 2299 1080 se
2344 1014 2731 1097 regulariter

181 1124 386 1189 vivere
433 1145 513 1189 ac
559 1124 872 1207 magistro
917 1124 1178 1207 proprio
1226 1122 1509 1205 obedire,
1557 1124 1653 1187 ita
1698 1129 1919 1189 tamen
1974 1121 2147 1204 quod
2194 1122 2474 1187 eundem
2517 1119 2729 1186 vobis-

178 1251 318 1295 cum
361 1231 611 1296 victum
654 1230 943 1296 habeant
996 1236 1062 1295 et
1113 1231 1421 1295 vestitum
1465 1251 1718 1295 necnon
1760 1229 2183 1311 lectisternia,
2239 1228 2362 1294 hoc
2410 1233 2727 1311 exemptO,

178 1337 343 1418 quod
390 1337 618 1402 clausa
664 1339 1052 1402 vestimenta
1097 1337 1470 1421 portabunt.
1548 1337 1676 1402 Sed
1713 1358 1832 1402 nec
1869 1337 2028 1420 ipsis
2073 1335 2273 1401 liceat
2317 1336 2397 1400 de
2444 1335 2728 1418 capitulo

175 1443 270 1507 vel
333 1464 495 1508 cura
560 1440 796 1510 domus*
853 1450 1065 1509 vestre
1132 1465 1201 1509 se
1264 1444 1696 1510 intromittere
1759 1449 2004 1508 temere
2023 1492 2039 1524 ,
2104 1443 2231 1507 nisi
2291 1443 2361 1506 in
2416 1446 2731 1524 quantum

177 1548 367 1615 fuerit
413 1552 509 1615 eis
558 1572 598 1615 a
643 1551 826 1617 vobis
872 1552 1252 1616 iniunctum.
1346 1550 1629 1615 Tantum
1676 1571 1934 1633 quoque
1981 1570 2206 1614 curam
2259 1548 2548 1614 habeant
2593 1549 2727 1613 ani-

175 1677 445 1739 marum,
495 1663 813 1739 quantum
859 1680 900 1722 a
943 1657 1127 1723 vobis
1175 1658 1417 1723 fuerint
1459 1658 1778 1740 requisiti.
1879 1657 2190 1721 Preterea
2249 1655 2413 1726 nulli
2457 1676 2728 1738 persone

178 1769 356 1829 extra
406 1769 700 1830 vestrum
755 1765 1112 1848 capitulum
1169 1766 1302 1829 sint
1356 1764 1631 1830 subiecti
1695 1764 1982 1847 tibique,
2049 1763 2281 1828 dilecte
2345 1764 2414 1826 in
2472 1762 2728 1828 domino

176 1868 284 1951 fili,
330 1871 597 1955 tuisque
644 1871 1125 1937 successoribus
1162 1878 1499 1954 tamquam
1536 1872 1850 1954 magistro
1889 1876 1955 1936 et
1988 1870 2241 1953 prelato
2280 1890 2397 1934 suo
2436 1868 2731 1934 deferant

180 1978 532 2043 secundum
567 1979 771 2043 vestri
815 1979 1060 2045 ordinis
1106 1978 1426 2044 instituta.
1512 1979 2044 2045 Consecrationes
2081 1998 2231 2041 vero
2271 1976 2578 2041 altarium
2616 1997 2730 2041 seu

178 2082 614 2167 basilicarum,
661 2085 1109 2151 ordinaciones
1156 2085 1554 2168 clericorm,
1601 2086 1715 2167 qui
1761 2084 1845 2149 ad
1894 2084 2149 2150 ordines
2195 2083 2434 2147 fuerint
2477 2105 2729 2167 promo-

178 2191 389 2273 vendi,
451 2197 518 2256 et
573 2197 790 2257 cetera
846 2192 1289 2257 ecclesiastica
1344 2197 1755 2257 sacramenta
1809 2212 1850 2255 a
1914 2189 2290 2272 dyocesanis
2357 2190 2728 2274 suscipiatis

182 2297 519 2382 episcopis,
569 2298 889 2381 siquidem
926 2298 1229 2369 catholici
1272 2298 1517 2363 fuerint
1553 2304 1619 2364 et
1655 2298 1941 2380 graciam
1980 2303 2177 2380 atque
2214 2298 2728 2362 communionem

180 2404 530 2485 apostolice
578 2404 748 2470 sedis
794 2405 1145 2471 habuerint
1200 2410 1266 2470 et
1319 2426 1398 2470 ea
1452 2406 1655 2488 gratis
1703 2409 1769 2469 et
1823 2404 2070 2486 absque
2128 2404 2451 2488 pravitate
2507 2403 2729 2486 aliqua

180 2510 354 2574 vobis
400 2510 726 2576 voluerint
762 2512 779 2601 Η
825 2511 1148 2578 exhibere.
1243 2511 1551 2593 Alioquin
1598 2510 1796 2576 liceat
1831 2511 2012 2576 vobis
2051 2511 2461 2592 catholicum,
2510 2532 2728 2593 quem·
2765 2525 2885 2578 Fol.
2926 2530 2993 2578 35
3005 2526 3044 2578 b.

182 2635 451 2699 cumque
497 2617 857 2683 malueritis
871 2670 886 2701 ,
946 2619 1126 2684 adire
1181 2618 1569 2699 antistitem,
1619 2619 1731 2701 qui
1786 2623 2012 2682 nostra
2065 2616 2267 2683 fultus
2315 2618 2725 2696 auctoritate,

181 2722 347 2804 quod
391 2725 782 2808 postulatur,
829 2725 1183 2809 impendat.
1288 2725 1572 2791 Clericos
1628 2730 1847 2789 autem
1900 2746 2018 2807 pro
2073 2724 2350 2808 pecunia
2394 2724 2728 2807 predicare

182 2834 289 2893 aut
331 2830 515 2895 lucro
562 2852 804 2913 vosque
849 2854 967 2915 pro
1011 2832 1383 2898 huiusmodi
1428 2853 1629 2897 causa
1675 2853 1784 2897 eos
1832 2831 1917 2896 ad
1960 2830 2426 2914 predicandum
2470 2831 2728 2896 mittere

181 2935 613 3019 prohibemus,
651 2938 779 3002 nisi
814 2938 982 3004 forte
1019 2940 1330 3022 magister
1364 2938 1611 3022 templi,
1651 2939 1764 3020 qui
1799 2960 1916 3022 pro
1953 2944 2244 3021 tempore
2279 2937 2494 3019 fuerit,
2535 2939 2728 3004 certis

182 3061 258 3106 ex
312 3044 531 3109 causis
585 3043 653 3107 id
708 3043 1066 3110 decreverit
1124 3045 1509 3110 faciendum.
1612 3043 1684 3110 Si
1741 3045 1999 3127 quando
2054 3066 2205 3110 vero
2261 3044 2407 3109 loca
2471 3044 2730 3110 deserta

183 3146 420 3214 fuerint
483 3148 693 3214 eidem
755 3150 1108 3217 venerabili
1173 3152 1390 3216 domui
1454 3151 1537 3217 ab
1603 3153 1824 3235 aliquo
1884 3153 1994 3236 pia
2066 3151 2404 3216 devotione
2469 3150 2727 3257 collata,

181 3253 371 3320 liceat
427 3256 609 3321 vobis
665 3256 909 3322 ibidem
955 3257 1257 3323 edificare
1304 3259 1520 3340 villas,
1578 3260 1884 3325 ecclesias
1945 3264 2011 3323 et
2064 3258 2382 3323 cimiteria
2437 3257 2521 3323 ad
2568 3279 2727 3341 opus

185 3359 513 3427 hominum
573 3363 816 3428 ibidem
879 3366 1277 3429 manentium
1347 3365 1671 3431 fabricare
1692 3416 1708 3448 ,
1785 3367 1882 3429 ita
1943 3370 2164 3431 tamen
2229 3370 2304 3428 ut
2365 3365 2434 3428 in
2495 3365 2730 3429 vicinia

186 3467 293 3532 illa
337 3470 608 3535 abbatia
651 3471 753 3534 vel
798 3471 1248 3554 religiosorum
1293 3473 1577 3539 virorum
1621 3472 1966 3555 collegium
2000 3493 2131 3537 non
2169 3472 2425 3553 existat,
2474 3493 2599 3553 que
2646 3470 2729 3537 ob

186 3573 300 3639 hoc
344 3576 562 3641 valeat
606 3577 993 3660 perturbari.
1080 3577 1240 3643 Cum
1287 3584 1508 3645 autem
1552 3585 1726 3645 terre
1773 3579 1944 3643 culte
1989 3579 2173 3643 vobis
2221 3578 2512 3661 quolibet
2556 3578 2727 3643 iusto

187 3681 366 3749 titulo
413 3683 845 3765 conferentur,
893 3683 1272 3750 facultatem
1319 3691 1384 3750 et
1428 3686 1759 3751 licentiam
1804 3685 2100 3751 habeatis
2148 3685 2391 3750 ibidem
2437 3684 2523 3749 ad
2562 3706 2729 3768 opus

188 3791 655 3855 transeuntium
703 3796 767 3856 et
813 3811 1037 3856 eorum
1081 3798 1366 3874 tantum,
1427 3793 1538 3875 qui
1593 3793 1673 3857 de
1718 3814 1942 3858 mensa
1986 3797 2206 3857 vestra
2256 3791 2518 3872 fuerint,
2580 3812 2728 3856 con-

190 3897 474 3962 struendi
537 3899 823 3963 oratoria
868 3903 936 3961 et
981 3899 1299 3964 cimiteria
1343 3899 1642 3965 faciendi.
1734 3899 1856 3964 Est
1892 3900 2064 3964 enim
2099 3898 2403 3964 indecens
2451 3903 2517 3962 et
2561 3898 2727 3981 peri-

192 4003 324 4068 culo
371 4005 734 4089 proximum
793 4004 1157 4069 animarum
1214 4007 1548 4089 religiosos
1606 4006 1844 4071 fratres
1901 4007 2238 4071 occasione
2288 4003 2582 4070 adeunde
2628 4025 2728 4068 ec-

193 4108 375 4176 clesie
433 4131 503 4176 se
555 4114 841 4177 virorum
898 4111 1107 4176 turbis
1163 4118 1228 4176 et
1282 4113 1624 4177 mulierum
1681 4112 2044 4195 frequentie
2099 4112 2479 4176 immiscere.
2574 4108 2729 4192 Qui-

194 4233 455 4301 cumque
502 4240 656 4284 sane
702 4219 770 4282 in
814 4223 1028 4283 vestro
1076 4218 1345 4301 collegio
1392 4219 1844 4301 suscipientur,
1894 4218 2321 4283 stabilitatem
2366 4217 2520 4296 loci,
2580 4237 2728 4281 con-

195 4325 541 4390 versionem
585 4347 838 4390 morum
885 4345 1080 4406 seque
1118 4324 1509 4390 militaturos
1557 4325 1816 4390 domino
1856 4324 2082 4390 diebus
2122 4325 2250 4389 vite
2297 4345 2411 4388 sue
2450 4323 2570 4388 sub
2617 4322 2729 4388 ob-

196 4428 466 4497 edientia
511 4431 806 4513 magistri
857 4431 1104 4514 templi,
1168 4431 1382 4513 posito
1448 4432 1687 4513 scripto
1754 4452 1948 4515 super
2003 4431 2237 4512 altare,
2294 4431 2362 4494 in
2408 4451 2534 4513 quo
2582 4450 2730 4494 con-

195 4534 513 4604 tineantur
555 4539 703 4619 ista,
752 4538 1154 4621 promittant.
1233 4538 1659 4602 Decernimus
1720 4559 1903 4620 erg0,
1951 4543 2024 4601 ut
2070 4542 2438 4620 receptores
2484 4541 2729 4601 vestra-

196 4661 325 4708 rum
369 4645 849 4709 fraternitatum
900 4645 1031 4709 sive
1081 4643 1527 4725 collectarum,
1586 4643 1764 4707 salvo
1812 4644 1949 4708 iure
1996 4643 2400 4708 dominorum
2446 4664 2727 4724 suorum,

293 4767 465 4820 Enna,
493 4769 661 4810 Theod.
693 4769 748 4809 de
776 4770 934 4821 Nyfflu,
2275 4757 2304 4803 5
