3242 5184
123 1343 241 1398 Fol.
284 1347 399 1397 72⁸.

1468 333 1553 339 --
1651 294 1772 356 140
1877 333 1951 339 w

441 465 583 552 larij
628 469 897 552 singulis
937 469 1208 553 notarijs
1241 470 1440 536 semel
1471 471 1538 535 in
1570 469 1934 537 ebdomada
1962 467 2198 535 XVIH
2228 488 2451 553 panes,
2498 468 2654 533 item
2683 466 2751 532 X
2780 466 2999 552 petias

442 576 751 657 carnium,
798 576 954 641 item
999 575 1067 641 X
1111 577 1307 642 tatias
1354 577 1504 659 vini,
1561 578 1658 643 ita
1703 577 1876 661 quod
1922 575 2448 642 vicecancellario
2494 579 2832 640 remanent
2873 596 3001 659 pro

441 683 735 766 qualibet
780 682 884 748 die
925 682 1160 749 XVIII
1205 707 1426 768 panes,
1475 684 1570 750 VI
1615 686 1776 750 tatie
1823 686 1955 749 vini
2002 690 2068 749 et
2098 682 2265 748 VIII
2310 683 2483 767 petie
2516 682 2826 748 carnium.
2905 680 3004 747 Et

441 790 496 855 si
559 811 864 855 numerus
931 792 1330 857 notariorum
1393 792 1623 876 plenus
1679 815 1808 859 non
1861 792 2077 873 fuerit,
2142 796 2297 855 tunc
2350 796 2568 874 partes
2624 789 3005 855 absentium

443 895 682 962 debent
741 896 939 961 dividi
1002 898 1172 963 inter
1234 899 1832 965 vicecancellarium
1888 904 1954 965 et
2018 900 2305 964 notarios
2368 903 2718 982 presentes,
2820 895 3005 961 Item

442 1004 636 1069 debet
679 1003 920 1069 habere
949 1007 1514 1072 vicecancellarius
1562 1008 1832 1091 singulis
1865 1006 1996 1072 VH
2043 1005 2269 1071 diebus
2310 1003 2666 1070 ebdomade
2697 1002 2803 1068 ΙΠ
2847 1025 3005 1087 pre-

441 1110 686 1175 bendas
762 1133 1050 1194 annone,
1126 1113 1229 1178 die
1299 1134 1450 1179 vero
1525 1114 1785 1179 sabbati
1855 1113 1987 1180 VII
2059 1112 2421 1199 prebendas
2486 1132 2772 1192 annone,
2835 1111 3004 1176 item

443 1217 740 1283 XXXVI
786 1240 1009 1303 paneS‚
1058 1220 1214 1284 item
1260 1219 1423 1285 XVI
1469 1222 1667 1285 tatias
1715 1224 1866 1304 vini,
1913 1223 2070 1288 item
2115 1218 2413 1285 XXXVI
2444 1241 2566 1284 ova
2611 1240 2651 1283 a
2695 1217 3006 1301 panetria

442 1330 507 1389 et
560 1325 830 1391 totidem
886 1348 926 1393 a
980 1328 1275 1410 coquina,
1309 1332 1334 1412 ΙΙ
1368 1327 1447 1392 de
1504 1329 1740 1411 quibus
1797 1352 1924 1394 non
1982 1329 2176 1393 debet
2230 1327 2386 1392 dare
2432 1332 2686 1410 partem
2732 1327 2932 1390 alicui
2955 1326 2999 1390 ¹.

439 1431 688 1497 Diebus
753 1454 904 1500 vero
960 1433 1233 1498 Veneris
1299 1440 1366 1499 et
1417 1436 1803 1501 ieiuniorum
1869 1436 2201 1501 consuevit
2261 1435 2550 1518 recipere
2606 1433 3004 1499 cancellaria

442 1540 655 1605 cicera
684 1563 811 1606 non
845 1546 1048 1622 cocta,
1097 1541 1176 1607 de
1209 1540 1465 1625 quibuS,
1501 1544 1556 1607 si
1589 1543 1828 1627 aliquis
1875 1544 2167 1608 notarius
2214 1541 2508 1624 voluerit,
2555 1546 2810 1624 partem
2841 1535 3002 1605 con-

444 1647 654 1711 suevit
717 1647 838 1712 sibi
907 1647 1066 1712 dari.
1158 1648 1327 1713 Item
1393 1651 1725 1715 consuevit
1788 1649 2028 1716 habere
2094 1648 2658 1714 vicecancellarius
2724 1647 3002 1730 singulis

443 1753 771 1819 mensibus
802 1754 1129 1820 XXIIIIor
1161 1754 1400 1822 solidos
1438 1779 1555 1841 pro
1589 1756 1776 1821 ferris
1825 1777 2136 1841 equorum
2184 1762 2249 1821 et
2294 1756 2520 1840 paleis,
2599 1754 2767 1820 Item
2799 1754 3002 1819 debet

441 1860 683 1925 habere
729 1862 998 1946 singulis
1029 1862 1359 1927 mensibus
1408 1885 1523 1947 pro
1571 1863 1864 1927 caulibus
1896 1853 1979 1927 'et
2008 1863 2178 1946 folijs
2224 1863 2330 1927 III
2359 1862 2582 1945 libraS,
2630 1862 2710 1926 de
2757 1861 3001 1945 quibus

442 1972 700 2032 tenetur
748 1968 902 2034 dare
959 1968 1239 2034 auditori
1280 1970 1830 2035 contradictarum
1887 1969 2014 2035 XV
2071 1969 2308 2036 solidos
2365 1976 2431 2035 et
2479 1969 2824 2035 correctori
2864 1966 3001 2033 XV

444 2073 702 2140 solidos·
795 2075 962 2141 Item
1009 2076 1203 2142 debet
1246 2077 1534 2160 recipere
1580 2098 1698 2160 per
1735 2077 1806 2141 II
1852 2078 2021 2142 vices
2066 2078 2133 2142 in
2181 2099 2351 2143 anno
2381 2075 2519 2142 XII
2548 2076 2772 2159 libras,
2817 2076 2998 2142 vide-

440 2180 595 2246 licet
639 2181 736 2247 VI
779 2182 982 2248 libras
1027 2207 1145 2267 pro
1202 2183 1454 2249 duabus
1510 2185 1781 2267 gonellis
1837 2207 1954 2269 pro
2015 2184 2281 2250 dimidio
2338 2207 2506 2250 anno
2569 2190 2634 2249 et
2679 2182 2774 2248 VI
2829 2184 3000 2249 alias

441 2311 558 2372 pro
604 2288 732 2355 alio
779 2289 1065 2356 dimidio.
1156 2291 1324 2356 Item
1372 2292 1566 2357 debet
1610 2293 1900 2375 recipere
1947 2298 2191 2357 certam
2238 2292 2670 2375 quantitatem
2723 2293 3001 2375 pecunie

440 2417 558 2479 pro
604 2395 908 2462 barberio
955 2403 1020 2462 et
1065 2404 1309 2463 certam
1356 2421 1472 2483 pro
1519 2400 1813 2483 togaleis.
1891 2398 1971 2463 In
2003 2399 2504 2483 quadragesima
2542 2405 2760 2463 autem
2805 2400 3000 2483 panis

443 2508 508 2568 et
551 2503 771 2568 vinum
804 2503 1177 2569 dividuntur
1221 2505 1411 2572 modo
1457 2505 1768 2590 predicto.
1863 2505 2084 2571 Pisces
2132 2527 2304 2588 vero,
2355 2508 2466 2589 qui
2499 2506 2736 2572 dantur
2781 2512 2883 2571 ter
2925 2507 2999 2570 in

442 2611 826 2693 septimana,
872 2616 939 2676 et
981 2611 1163 2694 ficUS,
1212 2614 1323 2695 qui
1366 2612 1603 2678 dantur
1634 2613 1735 2677 bis
1772 2614 1838 2678 in
1886 2613 2267 2695 ebdomada,
2317 2613 2688 2678 dividuntur
2732 2614 2798 2677 in
2831 2612 2998 2677 duas

442 2717 708 2800 equales
754 2724 994 2802 parteS,
1052 2741 1327 2802 quarum
1371 2742 1503 2785 una
1549 2726 1651 2785 est
1694 2720 2221 2786 vicecancellario
2269 2726 2334 2784 et
2379 2721 2513 2785 alia
2558 2719 2751 2785 debet
2796 2719 2998 2784 dividi

441 2826 612 2889 inter
663 2825 970 2891 notarios,
1062 2824 1162 2890 De
1220 2826 1504 2910 piscibus
1553 2833 1770 2892 autem
1817 2826 2056 2891 debent
2099 2826 2339 2892 habere
2396 2828 2629 2910 notarij
2680 2827 2998 2909 aliquam-

442 2931 650 2996 tulum
696 2931 1028 2998 meliorem
1074 2938 1346 3016 partem,
1396 2934 1564 2998 sicut
1609 2940 1675 2998 et
1720 2933 1800 2998 de
1847 2934 2171 2999 carnibus.
2263 2934 2341 2998 In
2388 2934 2729 2999 nativitate
2776 2940 3000 3000 autem

443 3038 686 3104 domini
732 3044 798 3104 et
843 3038 990 3123 alijs
1038 3038 1433 3106 solemnibus
1480 3040 1944 3106 festivitatibus
1992 3041 2133 3105 fieri
2171 3047 2640 3106 consueverunt
2684 3041 3002 3125 pictantie

441 3151 577 3210 tam
641 3145 721 3210 de
784 3146 1070 3230 piscibus
1135 3167 1332 3231 quam
1397 3147 1477 3214 de
1541 3147 1846 3213 carnibus
1912 3147 2151 3230 crudiS,
2218 3169 2343 3233 que
2399 3147 2773 3214 dividuntur
2828 3149 3002 3213 sicut

440 3251 731 3319 vivande.

710 3523 985 3590 Forma
1030 3526 1594 3607 rescriptorum
1641 3524 2089 3591 introducta
2136 3547 2223 3590 ex
2270 3527 2611 3609 antiquo.

498 3737 504 3742 .
622 3684 809 3750 Anno
842 3685 1083 3750 domini
1114 3685 1456 3752 millesimo
1489 3686 1929 3752 ducentesimo
1964 3687 2440 3770 septuagesimo
2472 3692 2698 3752 octavo
2741 3686 2847 3751 die
2888 3686 3005 3773 [!]2

441 3790 857 3875 pontificatus
923 3792 1165 3857 domini
1225 3793 1494 3877 Nicolay
1550 3816 1716 3878 pape
1770 3792 1896 3858 III.
1956 3816 2124 3860 anno
2180 3795 2406 3878 primo.
2502 3793 2662 3858 Cum
2719 3793 3003 3876 quedam

443 3898 673 3963 cedula
704 3900 1037 3965 continens
1078 3900 1317 3965 formas
1355 3900 1720 3966 litterarum
1752 3902 2254 3984 apostolicarum
2283 3901 2730 3983 infrascriptas
2777 3900 3007 3966 oblata

442 4012 616 4071 esset
669 4006 877 4071 eidem
933 4007 1192 4073 domino
1237 4028 1355 4090 per
1408 4008 2030 4090 vicecancellarium,
2077 4008 2249 4073 idem
2290 4008 2584 4074 dominus
2633 4006 2825 4072 dictis
2872 4008 3002 4073 for-

442 4113 565 4178 mis
613 4115 921 4199 inspectis
955 4120 1020 4179 et
1050 4114 1379 4197 discussis,
1428 4116 1840 4200 presentibus
1889 4116 2114 4182 eodem
2162 4113 2688 4180 vicecancellario
2747 4121 2815 4179 et
2858 4115 3002 4198 qui-

442 4220 719 4286 busdam
765 4222 1057 4306 notarijs,
1107 4221 1286 4288 dedit
1346 4230 1592 4288 certum
1648 4223 1930 4304 modum,
1990 4245 2181 4306 quem
2230 4223 2403 4287 circa
2448 4222 2709 4287 easdem
2756 4221 3001 4287 formas

442 4328 582 4393 vult
618 4327 966 4410 observari,
1015 4351 1349 4413 quousque
1396 4330 1573 4395 aliud
1622 4330 1880 4395 duxerit
1925 4329 2373 4395 ordinandum.

625 4581 642 4612 ¹
679 4582 788 4637 Am
816 4584 1019 4639 oberen
1045 4584 1239 4637 Raude
1263 4602 1373 4638 von
1398 4584 1632 4637 anderer
1656 4583 1824 4636 Hand
1850 4582 1976 4636 sehr
2012 4581 2357 4636 undeutlich:
2396 4580 2576 4636 forma
2611 4582 3000 4652 rescriptorum

438 4670 690 4746 antiqua,
910 4675 929 4706 ²
966 4674 1191 4735 Austatt
1229 4675 1316 4732 dic
1356 4691 1504 4729 muss
1541 4692 1599 4728 es
1637 4673 1877 4728 hcissen:
1916 4672 2047 4727 XII.
2088 4672 2215 4727 Kal.
2254 4672 2516 4726 Februar.
