3242 5184
1300 289 1682 349 —3ffl

474 550 893 634 Antiquum
982 553 1507 617 iuramentum
1598 552 2102 634 scriptorum,
2188 551 2317 633 qui
2401 550 2758 616 solebant
2793 562 3036 617 Fol.2·.

564 657 1036 723 distribuere
1082 659 1394 724 litteras
1450 657 1992 722 rescribendas
2050 658 2519 722 cancellarie
2571 655 2755 720 dun-

562 766 839 829 taxat.l

385 906 526 989 Ego
593 956 607 971 .
659 957 672 971 .
742 906 1125 973 distributor
1200 908 1566 972 litterarum
1634 907 2135 989 apostolicarum
2200 905 2758 971 rescribendamm

205 1014 378 1096 iuro,
429 1012 602 1096 quod
650 1013 1179 1080 distribucionem
1225 1014 1785 1080 rescribendamm
1833 1035 1874 1078 a
1919 1013 2129 1093 vobiS,
2171 1012 2427 1078 domine
2478 1063 2491 1077 .
2529 1063 2542 1077 .
2591 1013 2758 1077 vice-

208 1120 623 1202 cancellarie,
679 1120 876 1185 michi
934 1143 1141 1204 usque
1198 1121 1281 1186 ad
1338 1120 1674 1185 dimidium
1721 1141 1961 1184 annum
2008 1121 2418 1186 commissam
2476 1140 2761 1202 exequar

204 1223 492 1291 fideliter
537 1232 604 1291 et
650 1227 1010 1311 diligenter.
1087 1228 1257 1293 Item
1289 1250 1398 1293 ero
1432 1233 1773 1294 contentus
1808 1226 2046 1291 salario
2079 1233 2358 1310 quatuor
2404 1226 2760 1291 rescriben-

205 1331 460 1414 darum,
491 1340 687 1418 prout
717 1335 1083 1400 continetur
1112 1336 1180 1398 in
1210 1336 1573 1401 iuramento
1594 1334 2036 1399 distributoris
2066 1340 2388 1416 notarum,
2422 1333 2762 1397 dumtaxat

204 1439 504 1523 qualibet
549 1440 673 1524 die,
723 1464 853 1525 qua
882 1440 997 1505 fiet
1033 1442 1374 1506 audiencia
1404 1442 1506 1506 vel
1552 1440 1953 1532 distribucio,
2003 1448 2069 1506 et
2112 1442 2359 1506 nullam
2406 1440 2599 1505 aliam
2644 1460 2762 1530 per

198 1569 306 1613 me
356 1547 457 1612 vel
502 1569 620 1632 per
648 1546 931 1613 medium
961 1549 1291 1634 recipiam.
1368 1548 1538 1613 Item
1571 1549 1745 1632 quod
1781 1556 2082 1633 pretextu
2130 1550 2403 1614 alicuius
2436 1548 2599 1612 lucri
2647 1569 2760 1612 seu

198 1653 671 1719 familiaritatis
729 1661 844 1720 aut
902 1655 1265 1720 dilectionis
1319 1656 1561 1721 nemini
1617 1657 1988 1739 specialiter
2044 1657 2212 1723 dabo
2277 1653 2759 1721 rescribendam

202 1761 497 1845 aliquam
527 1762 858 1829 meliorem
904 1762 1015 1826 uni
1049 1783 1246 1845 quam
1286 1762 1498 1843 alteri,
1548 1762 1663 1826 sed
1706 1784 1980 1846 semper,
2028 1770 2223 1848 prout
2266 1769 2514 1848 potero,
2564 1783 2760 1845 equa-

201 1867 464 1934 litatem
511 1868 782 1934 servabo
830 1874 897 1933 et
941 1869 1290 1952 paritatem
1338 1868 1417 1934 de
1466 1870 1568 1935 die
1614 1871 1683 1934 in
1732 1871 1902 1935 diem
1949 1872 2016 1935 in
2062 1871 2325 1953 talibus,
2373 1891 2493 1935 1100
2523 1869 2761 1933 faciam

201 1976 546 2058 vicariam,
596 1975 908 2059 quamdiu
953 1975 1134 2042 fuero
1188 1976 1745 2042 rescribendarius
1803 1999 1917 2043 seu
1965 1977 2347 2043 distributor
2391 1976 2762 2042 huiusmodi

201 2082 791 2165 rescribendamm,
841 2103 959 2148 nec
997 2083 1278 2148 scribam
1312 2083 1638 2167 aliquam2
1681 2085 1969 2150 litteram
2006 2107 2125 2168 pro
2155 2085 2762 2169 recompensacione

202 2190 306 2254 vel
355 2190 479 2255 sub
528 2212 641 2274 spe
687 2191 962 2256 alicuius
1010 2191 1559 2256 remuneracionis
1605 2212 1726 2256 nec
1784 2190 1954 2256 dabo
2006 2191 2294 2274 aliquam
2345 2191 2428 2255 ad
2478 2190 2762 2255 scriben-

203 2295 385 2379 dum,
433 2303 507 2362 ut
553 2296 788 2363 debeat
831 2296 1029 2362 michi
1073 2298 1412 2381 provenire
1459 2298 1725 2382 aliquod
1773 2297 2197 2363 commodum.
2275 2296 2444 2362 Item
2478 2296 2650 2380 quod
2695 2297 2763 2360 in

200 2424 398 2468 mane
444 2403 546 2469 vel
593 2405 724 2470 alia
772 2410 952 2471 certa
996 2404 1157 2469 hora
1204 2404 1375 2469 (11013
1422 2403 1811 2470 distribuam
1856 2426 1975 2488 per
2010 2410 2249 2469 memet
2283 2404 2497 2487 ipsum
2534 2403 2762 2468 rescri-

202 2509 456 2576 bendas
505 2512 931 2596 scriptoribus
978 2511 1405 2595 personaliter
1451 2512 1536 2576 ad
1581 2532 1685 2577 me
1723 2512 2151 2593 venientibus,
2191 2512 2318 2575 nisi
2354 2511 2456 2575 vel
2494 2496 2611 2593 ego
2650 2515 2764 2573 aut

202 2617 330 2700 ipsi
382 2618 731 2702 scriptores
777 2618 1066 2701 legitimo
1111 2618 1574 2702 impedimento
1614 2617 1925 2683 fuerimus
1957 2619 2273 2703 impediti,
2323 2624 2388 2682 et
2426 2639 2571 2681 cum
2603 2615 2764 2699 ego4

204 2723 393 2790 fuero
450 2725 801 2809 impeditus
819 2776 834 2807 ,
897 2725 1298 2804 committam
1355 2725 1551 2791 alicui
1610 2727 1914 2810 scriptori
1969 2726 2252 2809 ydoneo,
2315 2725 2427 2807 qui
2485 2723 2765 2788 fideliter

204 2831 382 2896 idem
422 2831 738 2897 observet.
818 2830 982 2897 Cum
1014 2837 1234 2896 autem
1266 2833 1613 2916 scriptores
1652 2832 1895 2898 fuerint
1938 2832 2252 2915 impediti,
2302 2852 2523 2896 eorum
2570 2831 2762 2896 certis

205 2939 462 3022 nuncijs
511 2938 594 3002 ad
638 2939 762 3003 hoc
805 2940 1022 3004 missis
1069 2939 1521 3005 rescribendas
1568 2961 1687 3024 per
1731 2961 1833 3004 me
1878 2940 2093 3022 ipsum
2126 2937 2312 3003 dabo.
2391 2937 2560 3003 Item
2592 2937 2763 3020 quod

204 3045 457 3110 nullam
501 3046 986 3111 rescribendam
1031 3054 1252 3131 preter
1294 3047 1462 3129 ilias,
1513 3067 1640 3130 que
1676 3048 1845 3111 iuste
1882 3045 2079 3111 michi
2123 3046 2520 3129 provenient,
2570 3044 2765 3109 alicui

207 3150 621 3216 scribendam
643 3152 812 3218 dabo
834 3152 917 3217 ad
937 3160 1209 3238 partem.
1258 3153 1427 3219 Item
1459 3153 1634 3236 quod
1666 3159 1900 3218 cuncta
1933 3160 2185 3217 secreta
2216 3158 2463 3218 secrete
2493 3151 2765 3217 servabo

207 3264 275 3323 et
305 3259 658 3342 assignabo
692 3259 1034 3325 scribenda
1064 3262 1358 3344 personis
1394 3261 1681 3343 ydoneis.
1748 3260 1918 3325 Item
1950 3259 2123 3341 quod
2152 3260 2560 3324 taxacionem
2591 3258 2764 3322 litte-

205 3385 448 3446 rarum,
484 3365 654 3430 sicut
682 3367 751 3430 in
782 3368 1163 3450 provinciali
1211 3369 1596 3449 continetur,
1645 3366 1927 3432 fideliter
1963 3367 2299 3432 exercebo.
2384 3365 2552 3430 Item
2592 3364 2764 3448 quod

207 3493 326 3554 pro
375 3471 842 3539 distribucione
887 3473 1257 3540 huiusmodi
1305 3474 1713 3557 assequenda
1749 3473 1949 3538 nichil
1997 3473 2144 3539 dedi
2191 3473 2291 3538 vel
2336 3473 2605 3557 promisi
2649 3492 2767 3555 per

207 3600 310 3644 me
358 3585 476 3645 aut
520 3601 636 3664 per
683 3579 883 3644 alium
927 3601 1047 3646 nec
1094 3603 1487 3665 quemquam
1532 3582 1757 3664 rogavi
1802 3602 1921 3645 1100
1968 3580 2155 3661 alius,
2204 3601 2307 3644 me
2352 3583 2761 3663 procurante,

206 3687 479 3769 rogavit.
584 3686 753 3751 Item
799 3687 961 3752 nulli
1009 3688 1178 3753 dabo
1236 3688 1748 3769 rescribendam,
1810 3708 2002 3771 quem
2067 3686 2363 3752 dominus
2427 3705 2602 3770 papa
2663 3683 2766 3748 vel

208 3793 776 3859 vicecancellarius
825 3794 908 3859 ad
954 3801 1211 3879 tempus
1257 3794 1360 3859 vel
1405 3795 1883 3878 imperpetuum
1922 3793 2179 3859 duxerit
2216 3791 2762 3877 suspendendum.

207 3897 376 3963 Item
442 3900 615 3982 quod
674 3923 793 3984 per
844 3923 948 3967 me
1004 3902 1106 3967 vel
1160 3924 1279 3986 per
1333 3901 1532 3966 alium
1586 3900 1787 3965 nichil
1839 3902 2150 3985 recipiam
2205 3921 2324 3965 nec
2380 3900 2764 3975 servientem

210 4006 308 4069 vel
355 4006 556 4071 alium
603 4009 890 4091 recipere
938 4008 1174 4074 faciam
1220 4007 1321 4073 vel
1367 4009 1745 4091 promittam
1782 4031 1899 4091 pro
1937 4008 2172 4072 litteris
2212 4006 2626 4090 expediendis
2664 4004 2766 4069 vel

389 4186 408 4217 ²
444 4185 555 4239 Am
582 4186 776 4241 Raude
810 4205 921 4242 von
958 4189 1191 4242 andei-er
1223 4186 1395 4241 Hand
1431 4187 1708 4241 bemerkt:
1747 4187 2138 4242 Retroactis
2174 4185 2597 4256 temporibus
2633 4183 2767 4237 fuit

211 4274 480 4342 quidam
517 4275 887 4330 distinctus
932 4278 1252 4346 scriptor,
1309 4277 1423 4345 qui
1468 4276 1833 4330 distribuit
1881 4277 2155 4330 litteras
2192 4274 2666 4329 inscribendas
2703 4278 2767 4326 et

213 4360 425 4418 forma
460 4366 829 4418 iuramenti
865 4366 1086 4433 ipsius
1121 4366 1283 4419 talis
1320 4370 1433 4419 est.
1590 4364 1611 4395 ²
1647 4364 1894 4434 aliquam
1932 4368 2002 4419 ist
2039 4365 2212 4418 durch
2247 4366 2337 4418 ein
2361 4362 2644 4418 Versehen
2670 4362 2766 4415 des

213 4449 603 4507 Abschreibers
638 4453 885 4509 zweimal
922 4456 982 4508 in
1018 4456 1116 4508 der
1139 4452 1502 4507 Handschrift
1527 4459 1749 4522 gesetzt‚
1777 4453 1920 4508 ohne
1946 4450 2053 4508 ‹lass
2079 4455 2196 4508 dies
2220 4453 2311 4508 bei
2336 4453 2434 4506 der
2458 4450 2768 4505 Korrektur

214 4539 548 4609 ausgefallen
587 4549 748 4596 ware.
928 4542 950 4573 ³
985 4543 1096 4597 diei
1133 4543 1237 4596 auf
1266 4542 1460 4596 Rasur.
1630 4542 1653 4572 ⁴
1690 4544 1809 4597 Das
1845 4561 1883 4613 g
1921 4545 2022 4597 mit
2058 4542 2362 4598 schwarzer
2397 4541 2564 4594 Tinte
2602 4557 2704 4594 aus
2741 4556 2769 4591 r

214 4624 514 4699 korrigiert.

2269 4724 2335 4771 1*
