3242 5184
1299 245 1787 320 Ρ-211.-,.

207 420 577 502 magister
620 419 882 485 Samuel
948 420 1027 485 de
1075 408 1392 485 Cremona
1456 426 1522 484 et
1583 421 1872 504 prestitit
1923 421 2359 491 iuramentum
2414 424 2482 485 in
2527 422 2826 488 manibus

208 527 399 591 meis
458 528 543 590 in
586 527 795 592 forma
839 526 1050 591 solita.

420 633 569 698 Die
624 634 910 699 secunda
955 632 1355 717 Septembris
1409 635 1651 699 iuravit
1707 635 2018 717 magister
2061 634 2139 700 F.
2187 633 2495 701 Ceruarie
2543 635 2827 700 officium

213 740 692 805 abreviatoris
741 762 994 806 camere
1042 740 1284 805 domini
1329 740 1669 806 Francisci
1713 742 1971 824 notarij.

424 848 569 915 Die
629 846 849 912 VIIII.
897 850 1139 914 mensis
1201 848 1446 930 Aprilis
1506 846 1923 930 pontificatus
1985 848 2229 913 domini
2286 849 2594 933 Bonifatij
2660 871 2828 934 pape

212 953 484 1019 VHH.
523 977 692 1020 311110
725 955 998 1037 septimo
1016 955 1038 993 1
1085 954 1164 1020 de
1195 956 1400 1038 ipsius
1447 954 1756 1021 mandato
1802 954 1928 1020 fuit
1971 962 2272 1039 receptus
2317 957 2385 1020 in
2424 957 2827 1022 advocatum

216 1062 782 1127 consistorialem
827 1062 1136 1144 magister
1189 1061 1581 1127 Benedictus
1641 1061 1720 1126 de
1773 1062 2099 1133 territorio
2156 1062 2557 1145 Sublacensi,
2611 1064 2828 1147 legum

219 1169 511 1252 doctor,
560 1176 628 1234 et
669 1169 909 1233 iuravit
951 1169 1020 1232 in
1065 1168 1365 1233 manibus
1413 1169 1593 1233 meis,
1688 1168 1764 1233 Β.
1813 1168 2166 1235 Francisci.

431 1274 570 1340 Die
609 1273 822 1341 XXV.
858 1275 1258 1359 Septembris
1306 1274 1724 1358 pontificatus
1772 1276 2016 1340 domini
2046 1276 2353 1360 Bonifatij
2403 1298 2572 1360 pape
2602 1275 2825 1343 VIIII.

223 1403 429 1447 anno
495 1384 772 1466 septimo
828 1383 908 1448 (10
967 1384 1173 1466 ipsius
1232 1381 1540 1447 mandato
1599 1381 1725 1446 fuit
1783 1388 2083 1465 receptus
2129 1384 2198 1448 in
2244 1384 2630 1449 advocatum
2678 1405 2827 1449 con·

225 1490 658 1554 sistorialem
704 1489 1028 1557 Iohannes
1076 1489 1156 1554 de
1204 1488 1531 1572 Chempen
1577 1488 2092 1572 Maguntinensis
2143 1474 2417 1557 diocesis
2466 1497 2533 1555 et
2590 1492 2830 1555 iuravit

228 1596 305 1659 in
359 1596 682 1661 manibus
728 1598 912 1661 meis.
1003 1596 1080 1663 Β.
1128 1596 1483 1662 Francisci.

440 1698 571 1768 Die
616 1704 772 1769 XII.
822 1703 1038 1787 Martij
1090 1702 1503 1787 pontificatus
1552 1703 1796 1768 domini
1841 1703 2150 1789 Bonifatij
2202 1726 2372 1771 anno
2421 1711 2647 1770 octavo
2704 1705 2829 1769 fuit

232 1816 568 1894 ieceptus
615 1812 685 1875 in
731 1811 1093 1876 auditorem
1139 1811 1362 1893 palatij
1415 1811 1718 1875 dominus
1764 1811 2168 1876 Bertrandus
2216 1811 2297 1876 de
2344 1814 2716 1925 Arvassano
2764 1818 2831 1876 et

231 1918 507 1983 iuravit
551 1916 835 1983 officium
881 1919 949 1982 in
994 1917 1294 1982 manibus
1340 1918 1521 1982 meis,
1615 1917 1692 1982 B.
1742 1918 2096 1984 Francisci.

443 2023 570 2090 Die
629 2024 924 2089 ΧΧΙΠΙ.
972 2024 1190 2107 Martij
1254 2023 1670 2107 pontificatus
1729 2025 1971 2090 domini
2015 2024 2323 2108 Bonifatij
2386 2048 2555 2109 pape
2600 2025 2823 2097 VIIII.

241 2152 435 2196 anno
503 2138 728 2196 octavo
794 2132 874 2215 de
937 2132 1142 2215 ipsius
1205 2131 1514 2196 mandato
1571 2131 1698 2196 fuit
1750 2139 2051 2215 receptus
2108 2133 2177 2195 in
2237 2131 2622 2197 advocatum
2678 2154 2825 2198 con-

240 2239 659 2303 sistorialem
704 2240 1013 2322 magister
1056 2237 1380 2303 Iohannes
1425 2238 1610 2321 Bucij
1663 2239 1899 2322 Angeli
1952 2239 2033 2304 de
2079 2238 2440 2322 Arrigholis
2488 2239 2569 2305 de
2613 2239 2827 2304 Roma

243 2351 317 2409 et
365 2347 613 2410 iuravit
657 2346 725 2409 in
769 2345 1068 2411 manibus
1114 2349 1294 2412 meis,
1386 2347 1464 2411 Β.
1512 2346 1866 2412 Francisci.

443 2452 568 2516 Die
614 2452 764 2517 VII.
813 2453 982 2536 Iunij
1033 2453 1450 2536 pontificatus
1509 2452 1754 2517 domini
1798 2452 2106 2536 Bonifatij
2170 2474 2337 2536 pape
2382 2452 2605 2519 VIIII.
2657 2475 2825 2519 anno

244 2582 434 2623 nono
483 2558 607 2624 fuit
650 2567 949 2644 receptus
983 2561 1063 2625 ad
1099 2559 1382 2625 officium
1415 2561 1856 2625 advocationis
1887 2561 1956 2625 in
1985 2560 2284 2625 Romana
2315 2561 2497 2625 curia
2527 2560 2824 2639 dominus

244 2662 594 2732 Robertus
641 2667 722 2732 de
767 2667 1093 2733 Fronzola
1138 2674 1202 2733 et
1245 2669 1486 2733 iuravit
1529 2669 1597 2731 in
1645 2666 1946 2731 manibus
1991 2667 2153 2732 meis
2199 2666 2276 2732 B.
2324 2667 2679 2732 Francisci.

441 2773 568 2838 Die
613 2773 763 2839 VH.
810 2774 1192 2840 Novembris
1259 2797 1426 2840 anno
1491 2796 1662 2839 110110
1728 2774 1971 2838 (101111111
2014 2773 2323 2857 Bonifatij
2386 2796 2553 2858 pape
2600 2773 2822 2840 VIIII.

248 2880 387 2946 fuit
432 2887 730 2964 receptus
775 2882 844 2945 in
890 2882 1274 2947 advocatum
1322 2881 1833 2947 consistorialem
1867 2880 2163 2945 dominus
2197 2880 2513 2946 Galeotus
2558 2882 2639 2947 de
2672 2931 2687 2946 .
2725 2931 2740 2946 .
2776 2882 2827 2946 ‚²

253 2994 326 3052 et
376 2989 632 3070 iuravit,
681 2995 756 3053 ut
799 2990 997 3053 moris
1046 2994 1165 3071 est,
1212 2989 1289 3054 Β.
1338 2989 1694 3054 Francisci.

441 3095 566 3160 Die
619 3095 848 3161 XIIII.
895 3095 1278 3161 Novembris
1334 3118 1503 3161 anno
1561 3096 1808 3161 decimo
1864 3094 2281 3177 pontificatus
2337 3095 2581 3160 domini
2627 3094 2822 3160 Boni-

252 3202 404 3285 fatij
463 3224 632 3286 pape
677 3201 798 3267 IX.
847 3202 973 3268 fuit
1024 3208 1324 3286 receptus
1388 3204 1456 3267 in
1521 3201 1907 3266 advocatum
1973 3200 2269 3266 dominus
2328 3200 2701 3267 Octobonus
2759 3209 2826 3267 et

253 3311 502 3374 iuravit
544 3311 611 3374 in
657 3308 957 3375 manibus
1004 3311 1183 3374 meis.
1275 3309 1352 3374 Β.
1401 3308 1755 3374 Francisci.

441 3416 565 3482 Die
612 3416 799 3482 VIII.
847 3418 896 3483 J
898 3417 1030 3500 unij
1081 3414 1499 3498 pontificatus
1545 3415 1789 3479 (101111111
1821 3414 2128 3499 Bonifatij
2179 3437 2347 3499 pape
2379 3414 2602 3481 VIIII.
2652 3438 2820 3481 anno

258 3524 512 3590 decimo
564 3523 717 3590 fuiti
746 3531 1043 3608 receptus
1095 3524 1164 3587 in
1219 3522 1581 3586 auditorem
1637 3521 1861 3606 palatij
1914 3522 2253 3604 apostolici
2300 3523 2612 3605 magister
2656 3522 2820 3588 Leo-

256 3631 504 3697 nardus
537 3631 618 3697 de
650 3631 960 3696 Sulmona
1004 3636 1070 3696 et
1099 3630 1340 3695 iuravit
1370 3628 1655 3695 officium
1699 3628 1767 3692 in
1813 3629 2113 3694 manibus
2160 3631 2321 3694 meis
2353 3629 2431 3694 B.
2464 3630 2819 3695 Francisci.

440 3738 564 3804 Die
609 3737 761 3803 XX.
811 3738 979 3821 Iunij
1039 3736 1451 3820 pontificatus
1507 3735 1752 3801 domini
1796 3734 2104 3819 Bonifatij
2166 3759 2333 3820 pape
2379 3736 2601 3802 VHII.
2652 3759 2821 3802 anno

260 3846 552 3910 (100111103
609 3845 733 3910 fuit
787 3850 1086 3928 receptus
1149 3845 1217 3909 in
1277 3843 1639 3908 auditorem
1698 3844 1766 3907 in
1828 3843 2159 3908 audientia
2203 3866 2543 3908 causarum
2589 3844 2815 3928 palatij

262 3953 600 4035 apostolici
647 3953 957 4036 magister
999 3950 1303 4016 Nicolaus
1337 3950 1573 4016 Vordis
1620 3956 1688 4015 et
1731 3950 1968 4017 iuravit
2011 3951 2080 4015 in
2126 3951 2423 4016 manibus
2470 3952 2631 4016 meis
2680 3950 2818 4016 offi-

258 4061 432 4124 cium
467 4060 545 4134 ⁴in
589 4059 817 4125 forma.
909 4059 986 4124 B.
1034 4059 1389 4123 Francisci.

438 4166 563 4232 Die
607 4166 867 4232 XXIII.
901 4166 1242 4248 Februarij
1292 4164 1708 4249 pontificatus
1756 4165 1998 4232 domini
2044 4164 2353 4248 Bonifatij
2396 4187 2563 4249 pape
2593 4164 2815 4231 VIIII.

263 4273 385 4339 fuit
445 4281 743 4358 receptus
807 4276 875 4339 in
940 4274 1323 4339 advocatum
1387 4272 1900 4339 consistorialem
1976 4271 2272 4336 dominus
2336 4271 2660 4338 Iohannes
2739 4271 2817 4337 de

261 4381 785 4465 Montepulciano
833 4385 900 4446 et
942 4382 1180 4446 iuravit
1222 4380 1291 4456 in
1336 4378 1637 4444 manibus
1683 4379 1864 4444 meis.
1958 4378 2034 4442 Β.
2083 4377 2439 4443 Francisci.

443 4615 461 4646 ¹
498 4633 643 4670 anno
680 4620 816 4684 sept.
856 4613 1202 4684 sibergeschr.
1315 4613 1337 4644 ²
1372 4611 1565 4666 Liicke
1601 4613 1678 4664 im
1704 4611 1861 4665 Text.
1973 4610 1995 4641 ³
2031 4628 2176 4665 anno
2214 4611 2427 4666 decimo
2464 4611 2813 4681 iibergeschr.

2287 4700 2388 4753 14*
