3242 5184
1250 290 1673 360 maffia...

185 461 375 526 liceat
417 461 603 528 vobis
650 484 759 529 eos
807 484 953 528 cum
1000 464 1239 529 saniori
1284 468 1471 547 parte
1517 463 1790 547 capituli
1836 484 2133 530 amovere
2186 463 2477 546 ipsisque
2523 468 2734 527 trans-

188 568 374 634 eundi
410 568 498 634 ad
534 569 734 635 alium
780 570 1088 652 ordinem,
1136 569 1248 635 ubi
1295 570 1649 635 secundm
1695 570 1887 635 deum
1932 571 2145 635 vivere
2190 570 2531 653 voluerint,
2582 568 2736 633 dare

187 676 509 740 licentiam
556 681 624 740 et
657 676 798 742 loco
835 677 1125 760 ipsorum
1163 677 1326 742 alios
1362 676 1646 760 ydoneos
1685 677 2100 760 substituere,
2149 677 2262 758 qui
2299 676 2507 741 eciam
2542 676 2733 739 unius

191 782 334 847 anni
386 783 601 866 spatio
658 782 727 846 in
780 788 1000 848 vestra
1055 784 1367 849 societate
1419 784 1795 866 probentur.
1899 782 2042 865 Quo
2097 788 2363 867 peracto
2420 782 2477 846 si
2523 801 2733 847 mores

190 910 399 956 eorum
446 890 782 973 exegerint
828 896 894 954 et
938 890 1131 955 utiles
1179 890 1418 954 fuerint
1454 890 1538 954 ad
1577 891 1911 955 servitium
1946 895 2232 956 vestrum
2268 890 2532 970 inventi,
2580 894 2735 953 tunc

188 996 435 1062 demum
481 996 950 1080 professionem
995 997 1242 1062 faciant
1282 997 1669 1081 regularem,
1728 998 2179 1080 promittentes
2236 1017 2306 1061 se
2350 995 2736 1079 regulariter

187 1103 391 1168 vivere
438 1125 518 1168 ac
563 1104 878 1187 magistro
923 1104 1185 1187 proprio
1231 1104 1515 1186 obedire,
1561 1105 1659 1168 ita
1703 1110 1924 1170 tamen
1980 1103 2153 1186 quod
2200 1104 2479 1168 eundem
2524 1102 2735 1168 vobis-

185 1229 324 1274 cum
366 1211 617 1275 victum
660 1210 949 1276 habeant
1002 1217 1068 1275 et
1119 1212 1426 1276 vestitum
1470 1232 1723 1276 necnon
1767 1210 2188 1292 lectisternia,
2245 1210 2368 1275 hoc
2415 1215 2733 1292 exempt0,

184 1316 347 1397 quod
395 1316 624 1382 clausa
669 1318 1057 1382 vestimenta
1102 1318 1476 1401 portabunt.
1553 1317 1682 1383 Sed
1718 1339 1838 1383 nec
1874 1318 2034 1401 ipsis
2080 1317 2278 1381 liceat
2322 1316 2402 1382 de
2450 1317 2734 1400 capitulo

183 1421 277 1486 vel
339 1444 500 1488 cura
565 1420 802 1489 domus'
857 1430 1070 1489 vestre
1138 1445 1206 1489 se
1270 1425 1701 1490 intromittere
1764 1430 2042 1506 temere,
2109 1425 2234 1488 nisi
2296 1425 2364 1488 in
2420 1429 2735 1506 quantum

184 1527 373 1594 fuerit
418 1531 513 1595 eis
563 1552 603 1595 a
648 1530 831 1596 vobis
877 1532 1258 1596 iniunctum.
1351 1531 1634 1596 Tantum
1681 1551 1938 1614 quoque
1986 1552 2211 1596 curam
2264 1529 2553 1595 habeant
2597 1531 2732 1595 ani-

181 1656 450 1719 marum,
501 1643 819 1718 quantum
864 1659 905 1702 a
949 1637 1132 1703 vobis
1180 1637 1422 1705 fuerint
1466 1639 1783 1721 requisiti.
1884 1638 2195 1703 Preterea
2255 1636 2418 1701 nulli
2461 1658 2733 1721 persone

182 1749 360 1808 extra
411 1749 706 1810 vestrum
760 1744 1118 1827 capitulum
1174 1745 1308 1810 sint
1361 1744 1636 1810 subiecti
1700 1745 1949 1827 tibique
1971 1794 1987 1827 ,
2053 1744 2286 1809 dilecte
2349 1745 2418 1807 in
2476 1744 2733 1809 domino

182 1847 289 1931 fili,
334 1850 601 1933 tuisque
648 1850 1129 1917 successoribus
1168 1857 1504 1934 tamquam
1541 1852 1855 1934 magistro
1894 1857 1960 1916 et
1994 1851 2246 1934 prelato
2271 1855 2401 1916 'suo
2440 1850 2736 1916 deferant

185 1958 537 2023 secundum
572 1958 775 2022 vestri
820 1959 1065 2024 ordinis
1112 1958 1431 2024 instituta.
1517 1959 2048 2025 Consecrationes
2086 1979 2236 2022 vero
2276 1957 2582 2024 altarium
2621 1979 2735 2023 seu

183 2062 619 2146 basilicarum,
667 2064 1114 2130 ordinaciones
1161 2065 1559 2148 clericorum,
1606 2067 1720 2147 qui
1765 2065 1850 2130 ad
1898 2064 2154 2130 ordines
2199 2064 2440 2129 fuerint
2482 2087 2733 2148 promo-

183 2170 393 2253 vendi,
456 2177 523 2235 et
577 2177 795 2236 cetera
850 2171 1293 2237 ecclesiastica
1350 2178 1761 2237 sacramenta
1814 2193 1854 2235 a
1918 2170 2294 2253 dyocesanis
2361 2172 2732 2255 suscipiatis

187 2277 523 2361 episcopiS,
573 2278 893 2360 siquidem
930 2278 1233 2349 catholici
1277 2278 1521 2344 fuerint
1556 2285 1624 2344 et
1660 2279 1947 2361 graciam
1984 2284 2181 2360 atque
2218 2279 2732 2343 communionem

185 2383 534 2465 apostolice
582 2384 752 2449 sedis
799 2386 1149 2450 habuerint
1204 2391 1271 2450 et
1323 2407 1402 2450 ea
1456 2386 1659 2468 gratis
1707 2390 1773 2450 et
1827 2385 2074 2468 absque
2132 2386 2455 2469 pravitate
2511 2385 2733 2467 aliqua

185 2488 357 2553 vobis
403 2489 729 2556 voluerint
766 2492 783 2581 ΙΙ
828 2491 1152 2557 exhibere.
1247 2491 1555 2574 Alioquin
1603 2492 1801 2557 liceat
1834 2491 2017 2557 vobis
2055 2492 2464 2574 catholicum,
2513 2513 2732 2574 quem-

186 2616 455 2678 cumque
501 2597 890 2681 malueritiS,
949 2599 1130 2664 adire
1186 2599 1573 2681 antistitem,
1623 2600 1736 2681 qui
1791 2604 2015 2663 nostra
2068 2597 2271 2663 fultus
2319 2599 2729 2678 auctoritate,

186 2702 350 2783 quod
393 2704 786 2787 postulatur,
834 2706 1186 2789 impendat.
1293 2705 1576 2771 Clericos
1632 2711 1850 2770 autem
1904 2726 2022 2789 pro
2077 2706 2353 2788 pecunia
2397 2704 2731 2788 predicare

185 2815 294 2873 aut
335 2810 518 2874 lucro
565 2831 809 2893 vosque
852 2834 970 2895 pro
1015 2812 1388 2879 huiusmodi
1432 2833 1633 2877 causa
1679 2834 1788 2878 eos
1836 2812 1920 2876 ad
1964 2811 2428 2895 predicandum
2472 2812 2731 2877 mittere

186 2914 617 2998 prohibemus,
655 2917 784 2982 nisi
818 2917 986 2984 forte
1023 2920 1334 3002 magister
1368 2920 1615 3003 templi,
1655 2920 1768 3002 qui
1803 2941 1920 3003 pro
1955 2924 2247 3002 tempore
2283 2919 2497 3001 fuerit,
2537 2920 2732 2985 certis

186 3042 261 3085 ex
315 3024 534 3088 causis
588 3022 655 3087 id
711 3023 1070 3090 decreverit
1128 3025 1513 3092 faciendum.
1616 3024 1687 3091 Si
1744 3026 2003 3108 quando
2057 3046 2208 3090 vero
2265 3025 2409 3091 loca
2474 3026 2732 3092 deserta

187 3126 423 3194 fuerint
488 3129 697 3194 eidem
759 3131 1111 3196 venerabili
1177 3132 1393 3198 domui
1458 3132 1540 3197 ab
1607 3133 1827 3215 aliquo
1888 3134 1997 3216 pia
2069 3133 2406 3198 devotione
2471 3133 2729 3239 collata,

186 3232 375 3300 liceat
429 3235 611 3301 vobis
668 3236 912 3302 ibidem
958 3237 1261 3304 edificare
1307 3239 1523 3321 villaS,
1581 3240 1888 3305 ecclesias
1947 3245 2015 3304 et
2067 3240 2384 3304 cimiteria
2439 3239 2523 3304 ad
2570 3261 2730 3323 opus

188 3339 515 3407 hominum
577 3342 820 3409 ibidem
881 3346 1279 3410 manentium
1350 3346 1711 3428 fabricare,
1788 3348 1885 3411 ita
1947 3352 2167 3411 tamen
2232 3351 2306 3410 ut
2367 3345 2436 3409 in
2497 3346 2732 3410 vicinia

188 3447 295 3512 illa
340 3449 611 3514 abbatia
654 3451 756 3514 vel
801 3452 1252 3534 religiosorum
1295 3453 1579 3519 virorum
1627 3452 1969 3536 collegium
2003 3475 2134 3518 non
2171 3453 2428 3534 existat,
2476 3474 2602 3535 que
2648 3453 2731 3518 ob

190 3552 302 3619 hoc
345 3556 566 3620 valeat
609 3558 996 3640 perturbari.
1083 3558 1243 3624 Cum
1290 3565 1510 3625 autem
1555 3566 1729 3625 terre
1776 3560 1947 3625 culte
1992 3560 2175 3625 vobis
2224 3559 2513 3641 quolibet
2557 3559 2728 3624 iusto

190 3660 369 3728 titulo
417 3662 848 3745 conferentur,
897 3663 1273 3730 facultatem
1322 3672 1387 3731 et
1430 3667 1762 3731 licentiam
1806 3666 2103 3732 habeatis
2149 3666 2391 3731 ibidem
2439 3665 2524 3730 ad
2564 3688 2730 3750 opus

191 3771 658 3835 transeuntium
705 3776 771 3835 et
816 3791 1039 3836 eorum
1084 3779 1369 3855 tantum,
1429 3774 1541 3855 qui
1595 3774 1676 3838 de
1721 3794 1945 3838 mensa
1989 3778 2207 3837 vestra
2258 3772 2520 3855 fuerint,
2582 3794 2730 3837 con-

193 3877 477 3942 struendi
539 3878 825 3943 oratoria
871 3883 938 3941 et
984 3879 1301 3945 cimiteria
1346 3879 1645 3945 faciendi.
1736 3880 1858 3944 Est
1895 3881 2066 3945 enim
2101 3880 2404 3944 indecens
2452 3885 2519 3944 et
2562 3881 2730 3963 peri-

194 3982 326 4048 culo
372 3986 736 4068 proximum
795 3985 1159 4049 animarum
1216 3987 1550 4070 religiosos
1609 3986 1846 4051 fratres
1902 3987 2239 4052 occasione
2289 3985 2583 4050 adeunde
2631 4007 2731 4050 ec-

195 4087 377 4155 clesie
435 4113 505 4156 se
558 4093 842 4157 virorum
900 4092 1109 4156 turbis
1165 4098 1232 4157 et
1285 4093 1629 4158 mulierum
1683 4092 2045 4175 frequentie
2100 4094 2480 4157 immiscere.
2575 4090 2731 4173 Qui-

196 4213 456 4280 cumque
504 4219 658 4263 sane
703 4199 771 4262 in
816 4203 1030 4263 vestro
1078 4199 1347 4281 collegio
1394 4200 1845 4281 suscipientur,
1896 4199 2324 4264 stabilitatem
2367 4199 2522 4278 loci,
2582 4218 2730 4264 con-

196 4305 542 4369 versionem
588 4326 839 4370 morum
887 4325 1082 4386 seque
1118 4305 1511 4371 militaturos
1560 4305 1817 4371 domino
1857 4304 2084 4371 diebus
2122 4306 2251 4370 vite
2300 4327 2412 4370 sue
2452 4305 2573 4371 sub
2620 4305 2731 4370 ob-

197 4408 468 4475 edientia
513 4410 807 4492 magistri
860 4412 1106 4495 templi,
1171 4412 1384 4494 posito
1449 4412 1689 4494 scripto
1755 4433 1948 4495 super
2004 4412 2239 4495 altare,
2296 4412 2366 4475 in
2410 4433 2537 4495 quo
2584 4432 2731 4475 con-

196 4515 515 4581 tineantur
559 4518 705 4600 ista,
754 4518 1155 4601 promittant.
1235 4518 1660 4583 Decernimus
1721 4540 1904 4600 erg0,
1952 4524 2027 4583 ut
2071 4525 2439 4602 receptores
2486 4523 2730 4583 vestra-

196 4640 325 4687 rum
370 4624 850 4689 fraternitatum
901 4625 1033 4689 sive
1081 4624 1528 4706 collectarum,
1587 4624 1765 4688 salvo
1811 4625 1950 4689 iure
1998 4625 2401 4690 dominorum
2448 4647 2728 4707 suorum,

293 4746 467 4799 Enmn,
495 4748 662 4788 Theod.
695 4748 750 4789 de
778 4750 935 4801 Nyem.
2277 4739 2305 4786 5

2770 2506 2889 2560 Fol.
2930 2508 3048 2560 35b.
