3242 5184
159 1375 269 1470 [301.
312 1420 377 1467 53
394 1422 416 1445 ⁸

1502 345 1587 355 --,
1687 308 1810 368 100
1925 347 1989 353 -„

470 485 768 568 poteritis
834 505 979 548 cum
1045 485 1285 548 auxilio
1351 484 1606 548 celestis
1671 484 1889 566 gracie
1952 481 2259 562 liberare,
2325 482 2390 545 in
2419 480 2683 564 *quibus
2738 480 3032 546 nondum

471 592 682 656 cultus
737 591 1088 656 christiane
1143 590 1472 674 religionis
1533 590 1729 655 fuerit
1772 589 2208 671 introductuS,
2257 588 2564 653 ecclesias
2610 588 3032 669 construatis,-

470 718 596 780 que
644 697 763 762 soli
809 697 1100 763 Romane
1157 697 1424 762 ecclesie
1484 697 1766 763 debeant
1820 696 2186 778 subiacere,
2249 697 2344 760 ita
2387 701 2463 760 ut
2508 717 2548 760 a
2592 695 2770 759 nullo
2816 694 3033 779 prela-

469 811 682 871 torum
732 804 1000 870 ecclesie
1044 812 1194 888 post
1237 804 1602 870 Romanum
1649 803 2019 888 pontificem
2068 802 2311 885 aliquid
2357 803 2514 867 iuris
2560 804 2626 865 in
2673 804 2767 867 eis
2814 801 3038 866 valeat·

468 913 817 1001 vendicari.
910 911 1087 976 Nulli
1135 932 1285 993 ergo
1335 916 1453 975 etc.
1503 917 1723 977 nostre
1770 912 2202 976 concessionis
2251 916 2370 974 etc.

733 1162 1096 1226 Eisdem1.

650 1304 911 1387 Quanto
958 1324 1073 1388 per
1103 1304 1390 1387 graciam
1434 1302 1541 1367 dei
1589 1303 1899 1387 obsequio
1946 1323 2304 1386 pauperum
2353 1308 2420 1366 et
2466 1301 2698 1366 solatio
2744 1300 3031 1365 infirmo-

419 1434 613 1477 ·rum
671 1417 847 1477 atten
940 1412 1070 1475 tius
1124 1409 1443 1474 insudatis
1500 1415 1565 1475 et
1619 1410 1700 1474 de
1755 1410 1859 1475 die
1914 1411 1980 1473 in
2038 1409 2207 1474 diem
2252 1408 2563 1493 proficitis
2607 1409 2784 1481 ,circa
2830 1428 3033 1492 opera

469 1520 753 1604 pietatis,
803 1518 1222 1582 extendentes
1255 1539 1365 1581 vos
1405 1516 1487 1582 ad
1535 1517 1881 1598 anteriora,
1938 1517 2367 1601 posteriorum
2415 1515 2620 1595 obliti,
2667 1521 2853 1579 tanto
2903 1515 3031 1578 sin-

473 1627 682 1693 cerius
736 1624 1113 1709 religionem
1171 1631 1451 1689 vestram
1507 1623 1834 1711 diligimus
1890 1630 1955 1687 et
1999 1625 2344 1707 petitiones
2399 1628 2684 1704 vestraS,
2733 1643 2860 1705 que
2907 1622 3035 1685 iuri

474 1734 859 1797 conveniunt
905 1738 970 1796 et
1016 1738 1372 1797 consonant
1417 1731 1668 1815 pietati,
1716 1730 1969 1795 facilius
2018 1730 2327 1795 debemus
2384 1736 2450 1795 et
2493 1729 2786 1795 volumus
2835 1750 3031 1793 exau-

472 1841 630 1921 dire,
681 1846 754 1904 ut
801 1860 875 1904 eo
924 1840 1219 1904 devotius
1267 1838 1486 1922 regule
1533 1845 1747 1902 vestre
1794 1837 2203 1902 observantie
2250 1839 2587 1943 insistatis,
2646 1858 2774 1920 quo
2820 1838 3032 1918 magis

473 1969 614 2011 eam
681 1947 988 2012 noveritis
1046 1968 1086 2012 a
1154 1946 1305 2010 sede
1361 1945 1718 2029 apostolica
1769 1944 2159 2010 roboratam.
2253 1904 2648 2029 ‘Eapropten
2697 1943 2922 2009 dilecti
2967 1944 3032 2007 in

474 2054 730 2119 domino
799 2043 936 2135 filij,
1002 2055 1235 2118 vestris
1299 2054 1486 2117 iustis
1550 2051 2097 2136 postulationibus
2162 2051 2511 2117 clementer
2575 2052 2921 2116 annuimus
2969 2057 3034 2113 et

471 2161 783 2244 regulam,
849 2182 1044 2243 quam
1108 2161 1215 2244 pie
1271 2159 1735 2225 recordationis
1781 2157 2232 2242 RaymunduS,
2291 2161 2599 2241 magister
2654 2165 2903 2241 vester,
2954 2157 3031 2221 de

473 2268 796 2334 communi
831 2266 1098 2336 consilio
1132 2273 1197 2332 et
1235 2268 1565 2332 voluntate
1612 2265 1882 2349 capituli
1930 2265 2281 2331 salubriter
2327 2265 2649 2331 ordinavit
2703 2273 2768 2330 et
2819 2264 3031 2329 felicis

472 2375 779 2441 memorie
800 2373 1131 2456 Eugenius
1164 2396 1354 2458 papa,
1375 2375 1797 2458 predecessor
1814 2378 2054 2455 noster,
2076 2379 2150 2437 ut
2181 2374 2566 2456 accepimuS,
2601 2371 3032 2452 confirmavit,

475 2482 862 2547 auctoritate
903 2482 1257 2565 apostolica
1290 2481 1778 2546 communimus.
1871 2479 2205 2544 Fidutiam
2245 2481 2504 2563 quidem
2550 2479 2866 2545 habemus
2917 2501 3033 2563 per

474 2589 803 2654 Christum
849 2589 931 2653 ad
998 2590 1208 2670 deum,
1275 2595 1366 2669 ut,
1423 2586 1964 2671 quemadmodum
2022 2588 2345 2652 canonicis
2400 2586 2805 2670 regularibus
2851 2587 3031 2652 beati

473 2697 823 2779 Augustini
871 2697 1095 2778 regula
1141 2716 1448 2760 concessa
1493 2702 1593 2760 est
1640 2693 1723 2757 ad
1771 2693 2076 2776 salutem,
2124 2696 2219 2759 ita
2262 2700 2543 2769 vestram
2591 2693 3030 2759 custodientes

474 2803 765 2887 regulam
788 2803 869 2867 ad
904 2809 1120 2867 eterne
1154 2802 1572 2867 beatitudinis
1604 2801 1900 2865 bravium
1933 2803 2338 2884 pertingatis,
2385 2800 2700 2866 Remedia
2729 2807 3030 2885 preterea

476 2910 559 2974 ad
616 2909 1015 3000 infirmorum
1073 2931 1294 2973 curam
1351 2908 1816 2973 deliberatione
1872 2908 2143 2992 provida
2190 2911 2563 2990 constituta,
2612 2907 2916 2972 videlicet
2962 2913 3034 2972 ut

476 3019 541 3081 in
591 3017 777 3082 domo
835 3016 1176 3100 hospitalis
1234 3036 1489 3099 semper
1555 3016 1855 3097 quinque.
1905 3015 2137 3081 medici
2203 3022 2268 3080 et
2326 3023 2459 3080 tres
2523 3018 2653 3080 sint
2711 3015 3029 3098 cyrurgi2,

474 3124 555 3188 ad
611 3146 883 3207 quorum
941 3124 1429 3207 dispositionem
1485 3143 1581 3203 ea,
1641 3142 1767 3204 que
1791 3162 1798 3183 μ
1822 3123 1889 3185 in
1936 3122 2199 3205 cibarijs
2249 3129 2362 3186 aut
2408 3122 2553 3207 alijs
2601 3121 2869 3187 infirmis
2922 3142 3029 3185 ne-

473 3233 758 3295 cessaria
811 3229 1081 3313 fuerint,
1131 3231 1605 3310 ministrentur,
1656 3235 1722 3293 et
1768 3228 1898 3293 alia
1943 3230 2157 3312 plura,
2207 3250 2332 3313 que
2378 3231 2443 3293 in
2492 3230 2749 3313 scriptis
2795 3231 3029 3293 vestris

473 3337 838 3421 redigentes
903 3337 1150 3402 utiliter
1215 3337 1581 3417 ordinastiS,
1650 3335 2102 3402 nichilominus
2161 3335 2597 3420 approbantes
2652 3338 2945 3401 revocari
2992 3357 3030 3399 a

475 3466 802 3528 quoquam
852 3444 1209 3508 districtius
1258 3443 1645 3524 inhibemuS,
1694 3444 1819 3506 nisi
1868 3442 2030 3507 forte
2078 3445 2141 3508 in
2192 3443 2421 3507 melius
2453 3443 2747 3526 augendo
2778 3450 3027 3507 muten-

473 3559 599 3619 tur.
693 3550 871 3616 Nulli
921 3572 1071 3634 ergo
1121 3558 1241 3615 etc.
1292 3558 1512 3615 nostre
1559 3550 2067 3615 confirmationis
2115 3556 2180 3614 et
2225 3549 2697 3633 prohibitionis.

740 3853 1385 3937 Archiepiscopis
1452 3860 1531 3918 et
1590 3855 2012 3938 episcopis,
2083 3830 2534 3935 abbatibuS‚
2600 3853 3022 3936 prioribus,

828 3961 1139 4025 decanis
1188 3967 1326 4025 etc.
1375 3966 1458 4024 ut
1505 3982 1753 4044 supra.

653 4120 1044 4204 Evangelice
1093 4120 1422 4203 doctrine,
1471 4141 1597 4203 que
1643 4100 1945 4204 prohibet
1991 4121 2264 4185 alterum
2313 4121 2501 4185 alteri
2546 4120 2789 4202 facere,
2857 4120 3023 4203 quod

476 4230 615 4294 fieri
663 4229 786 4293 sibi
834 4228 1053 4308 nollet,
1102 4234 1169 4292 et
1201 4227 1527 4293 honestati
1557 4228 1996 4293 ecclesiastice
2028 4228 2412 4292 contradicit
2458 4228 2743 4310 aliquam
2776 4227 3023 4310 religio-

477 4358 614 4400 sam
682 4336 942 4401 domum
1011 4336 1077 4399 in
1150 4337 1464 4400 immensa
1506 4335 1988 4411 ‚multitudine-*³
2049 4336 2346 4409 visitare,
2389 4342 2451 4400 et
2525 4335 2738 4400 lautas
2804 4335 3022 4421 epulas

659 4588 674 4618 ¹
714 4586 822 4639 Am
882 4586 1036 4640 Ende
1094 4586 1193 4640 der
1257 4586 1744 4657 vol-hergehenden
1799 4586 1964 4640 Zeile.
2192 4586 2213 4617 ²
2258 4582 2566 4640 Handschr.
2604 4586 2875 4656 cyrurgia.
2946 4583 3018 4637 Zu

478 4676 628 4729 lesen
664 4677 734 4728 ist
772 4676 991 4745 cyrurgi
1017 4676 1150 4729 oder
1175 4677 1423 4745 magistri
1448 4678 1503 4728 in
1531 4676 1801 4745 cyrurgia.
1950 4674 1972 4706 ³
1996 4674 2229 4729 Hdschr.
2255 4677 2577 4730 immensam
2604 4675 3020 4728 multitudinem.
