3242 5184
1574 266 2062 330 -206--

724 441 893 508 Item
923 443 1029 508 die
1073 442 1302 507 ultima
1344 441 1726 507 Decembris
1773 441 1896 506 fuit
1938 447 2235 525 receptus
2280 442 2348 506 in
2394 442 2861 507 abreviatorem
2905 441 2974 507 S.
3026 441 3104 506 de

548 548 820 615 Achille.

724 655 892 721 Item
940 657 1043 722 die
1073 660 1283 740 prima
1312 658 1552 721 mensis
1584 654 1964 720 Decembris
2009 655 2132 719 suit
2175 661 2471 738 receptus
2519 656 2587 719 in
2633 654 3104 719 abreviatorem

546 762 621 826 L.
672 762 751 827 de
798 762 1056 829 Suessa.

722 869 889 934 Item
935 872 1038 936 die
1081 871 1208 936 IH.
1257 872 1495 936 mensis
1542 868 1921 935 Decembris
1978 868 2099 933 fuit
2150 875 2449 952 receptus
2504 870 2573 932 in
2630 868 3103 934 abreviatorem

546 976 896 1042 Tedericus
942 977 1164 1043 Fabri.

720 1084 888 1150 Item
954 1084 1058 1149 die
1120 1083 1375 1150 XVIH.
1426 1083 1581 1148 dicti
1646 1084 1885 1148 mensis
1949 1083 2072 1148 fuit
2133 1089 2431 1166 receptus
2495 1084 2563 1146 in
2629 1082 3102 1148 abreviatorem

544 1192 853 1275 magister
897 1190 1220 1257 Iohannes
1270 1190 1513 1257 Victor.

720 1297 888 1363 Item
934 1298 1038 1362 die
1083 1296 1310 1363 XHH.
1361 1296 1647 1381 Ianuarij
1699 1299 1850 1361 anni
1896 1296 2010 1363 VI.
2061 1296 2184 1361 fuit
2234 1303 2533 1379 receptus
2582 1296 2965 1361 Albertinus
3023 1296 3099 1360 de

542 1404 785 1469 Parma
826 1406 894 1469 in
941 1403 1427 1470 abreviatorem.

721 1511 845 1576 Die
904 1510 1024 1577 IX.
1080 1511 1420 1594 Februarij
1489 1532 1658 1575 anno
1721 1510 2318 1576 M⁰OOC⁰LXXXL
2384 1509 2707 1577 Iohannes
2771 1510 2958 1575 Petri
3020 1510 3096 1574 de

542 1615 778 1684 Arecio
822 1618 1063 1683 iuravit
1104 1640 1221 1701 pro
1267 1616 1479 1682 officio
1524 1619 1864 1701 scriptorie
1911 1619 1978 1682 in
2023 1617 2236 1683 locum
2283 1618 2362 1684 Gr.
2412 1617 2613 1700 Gerij.

720 1725 844 1790 Die
906 1723 1201 1789 XXHH.
1271 1723 1568 1790 Octobris
1648 1725 1934 1790 eiusdem
2012 1726 2163 1789 anni
2239 1724 2360 1789 fuit
2431 1731 2727 1807 receptus
2791 1723 3094 1789 Nicolaus

543 1830 803 1897 Gliwicz
851 1833 919 1896 in
963 1832 1175 1897 locum
1221 1830 1471 1896 Nicolai
1516 1830 1838 1897 Werneri.

718 1939 842 2004 Die
887 1937 1171 2004 XXVII.
1212 1937 1590 2003 Decembris
1640 1961 1807 2004 anno
1856 1938 2040 2005 VIII.
2090 1938 2503 2023 pontificatus
2552 1937 2795 2004 domini
2841 1937 3089 2004 Urbani

538 2067 706 2129 pape
752 2045 867 2111 VI.
916 2045 1040 2110 fuit
1085 2051 1383 2128 receptus
1430 2046 1497 2109 in
1543 2044 2015 2110 abreviatorem
2064 2046 2446 2111 cancellarie
2491 2045 2566 2110 P.
2603 2045 2683 2110 de
2713 2045 3089 2130 Ingelhuem

541 2159 606 2216 et
650 2153 903 2217 iuravit.

716 2259 840 2323 Die
877 2257 1063 2323 XXI.
1097 2257 1382 2342 Ianuarij
1419 2258 1543 2324 fuit
1570 2266 1868 2343 receptus
1899 2262 1967 2325 in
1999 2262 2379 2344 scriptorem
2424 2261 2787 2325 litterarum
2835 2265 3088 2342 aposto-

540 2365 808 2431 licarum
856 2372 921 2430 et
965 2367 1220 2447 iuravit,
1269 2372 1343 2430 ut
1387 2372 1488 2432 est
1533 2368 1755 2449 moriS‚
1803 2367 2093 2450 Arpinus
2142 2368 2222 2433 de
2268 2367 2687 2433 Alexandria.

715 2472 839 2537 Die
885 2471 1133 2537 XXVI.
1182 2471 1466 2556 Ianuar-ij
1517 2473 1642 2537 fuit
1686 2480 1982 2556 receptus
2028 2476 2097 2538 in
2144 2474 2612 2549 abreviatorem
2642 2473 2736 2539 Io.
2774 2475 2857 2541 de
2890 2474 3089 2540 Ianua

540 2584 606 2644 et
649 2580 885 2645 iuravit
930 2586 1050 2644 etc.

714 2686 839 2750 Die
870 2685 1165 2750 XXIIII.
1201 2686 1580 2755 Decembris
1631 2710 1798 2753 anno
1840 2687 1956 2753 VI.
1996 2688 2121 2754 fuit
2163 2694 2460 2772 receptus
2507 2691 2574 2753 in
2621 2689 3084 2756 abreviatorem
3211 2786 3212 2801 χ

535 2791 617 2857 A.
668 2791 747 2858 de
793 2792 1092 2858 Novaria.

710 2897 836 2964 Die
881 2899 1036 2964 XII.
1084 2900 1134 2965 J
1135 2902 1384 2985 anuarij
1437 2924 1604 2966 anno
1653 2901 1767 2966 VI.
1818 2901 1943 2966 fuit
1997 2909 2294 2986 receptus
2352 2904 2419 2967 in
2478 2902 2954 2971 abreviatorem
3011 2904 3079 2968 de
3209 2982 3210 2989 ἵ

533 3004 840 3070 mandato
888 3006 1130 3071 domini
1166 3009 1371 3073 nostri
1416 3007 1826 3074 LambertuS.

711 3111 834 3176 Die
895 3113 1046 3178 VH.
1119 3113 1451 3198 Februarij
1520 3115 1644 3180 suit
1704 3122 2002 3198 receptus
2067 3114 2399 3182 Conradus
2464 3116 2731 3183 Henrici
2797 3168 2812 3184 .
2854 3169 2867 3184 .
2906 3168 2919 3184 .
2938 3119 2958 3156 ¹
3016 3118 3074 3181 in
3207 3182 3208 3185 ,

536 3217 1006 3285 abreviatorem
1052 3227 1119 3285 et
1161 3222 1417 3287 iuravit.

709 3325 832 3390 Die
877 3325 1128 3392 XXVI.
1162 3326 1500 3412 Februarij
1551 3328 1674 3393 fuit
1717 3334 2014 3412 receptus
2060 3331 2126 3394 in
2174 3329 2642 3397 abreviatorem
2688 3330 2967 3398 Iacobus
3002 3331 3070 3395 de

531 3431 761 3497 Alatro
808 3439 874 3497 et
916 3435 1170 3499 iuravit.

709 3538 833 3604 Die
877 3539 1059 3606 XVI.
1101 3542 1317 3624 Martij
1366 3541 1781 3625 pontificatus
1828 3542 2072 3607 domini
2116 3542 2366 3609 Urbani
2410 3566 2578 3629 pape
2609 3546 2723 3612 VI.
2766 3568 2936 3611 anno
2965 3543 3064 3609 VI.

530 3644 654 3709 fuit
705 3651 1002 3728 receptus
1057 3649 1122 3711 in
1189 3648 1660 3713 abreviatorem
1725 3650 2034 3731 magister
2087 3649 2385 3716 Mafiolus
2451 3652 2530 3718 de
2584 3653 2953 3719 Mediolano
3011 3655 3067 3714 et

528 3752 782 3816 iuravit.

706 3858 830 3923 Die
893 3858 1141 3923 XXVI.
1192 3860 1471 3942 Augusti
1535 3884 1704 3927 anno
1750 3863 1901 3929 VH.
1968 3872 2267 3948 receptus
2332 3866 2454 3931 fuit
2515 3867 2582 3931 in
2646 3875 3060 3951 grossatorem

526 3963 890 4030 litterarum
945 3966 1444 4049 apostolicarum
1499 3968 1804 4034 Nicolaus
1854 3971 2223 4037 Gilimberti
2280 3973 2746 4039 Foroiuliensis
2805 3972 3057 4041 diocesis

525 4069 667 4135 loco
713 4069 929 4155 Egidij
978 4071 1252 4137 Winans
1298 4094 1504 4155 usque
1551 4076 1633 4139 ad
1679 4076 2005 4142 redditum
2051 4079 2207 4143 dicti
2251 4079 2527 4145 Winans
2572 4103 2745 4147 nunc
2791 4078 3055 4148 absentis

527 4182 593 4241 et
618 4172 873 4243 'iuravit
917 4184 1037 4244 etc.
1085 4178 1163 4244 N.
1212 4179 1483 4262 Neapoli
1540 4182 1618 4248 de
1675 4184 1942 4266 speciali
1996 4185 2301 4250 mandato
2349 4186 2592 4251 domini
2637 4190 2844 4253 nostri
2887 4205 3051 4271 pape.

700 4284 825 4349 Die
874 4283 987 4351 VI.
1039 4284 1337 4351 Octobris
1386 4310 1554 4352 anno
1601 4288 1751 4354 VH.
1788 4289 2112 4356 Robertus
2161 4293 2485 4375 quondam
2531 4293 2799 4359 Rolonis
2843 4291 3051 4360 iuravit

524 4412 641 4475 pro
689 4391 899 4457 officio
948 4393 1285 4475 scriptorio
1331 4395 1396 4457 in
1442 4395 1656 4459 locum
1702 4396 1881 4461 Petri
1930 4398 2008 4463 de
2056 4398 2330 4463 MuratO.

710 4624 727 4655 ¹
766 4624 957 4679 Liicke
994 4626 1070 4679 im
1107 4626 1264 4680 Text.
