3242 5184
1232 350 1322 357 —
1418 311 1533 372 141
1635 351 1722 357 -—

466 488 577 552 Ad
627 487 845 552 idem.

378 630 524 713 „Ea
569 651 695 713 que
742 631 821 694 de
866 630 1096 695 bonis“
1146 631 1213 694 in
1259 631 1489 696 maiori
1536 630 1766 712 forma,
1814 630 1927 696 ubi
1975 632 2359 715 continetur,
2408 633 2580 715 quod
2628 656 2755 700 non

197 736 610 802 obstantibus
669 738 1071 819 iuramentis,
1119 736 1745 819 renunciationibUS,
1810 739 2259 803 instrumentis
2305 745 2372 804 et
2418 740 2754 806 confirma-

196 843 484 910 tionibus
530 847 597 908 in
643 844 850 910 forma
895 845 1219 910 communi
1265 844 1349 909 ab
1396 844 1756 928 apostolica
1811 844 1963 910 sede
2009 844 2291 911 obtentis
2336 845 2508 912 bona
2554 848 2755 912 eccle-

198 951 442 1016 siarum
476 952 760 1017 alienata
788 952 1014 1016 illicite
1059 951 1160 1015 vel
1207 951 1521 1016 distracta
1567 951 1653 1015 ad
1699 953 1799 1016 ius
1847 956 1914 1016 et
1942 954 2406 1037 proprietatem
2453 954 2755 1019 ecelesia-

198 1079 341 1122 rum
388 1058 675 1140 legitime
721 1064 1124 1124 revocentur.

466 1271 581 1336 Ad
627 1273 841 1337 idem.

372 1414 542 1480 Item
591 1415 734 1498 „Ea
781 1436 906 1498 que
955 1414 1033 1480 de
1079 1415 1310 1481 bonis“
1358 1417 1427 1480 in
1473 1417 1705 1480 minori
1752 1416 1980 1499 forma,
2029 1415 2140 1481 ubi
2186 1439 2315 1482 non
2363 1422 2464 1481 est
2508 1418 2755 1501 aliquid

194 1544 321 1588 non
372 1522 692 1588 obstante.

463 1719 586 1814 Ad·
624 1718 844 1783 idem.

372 1862 542 1926 Item
577 1861 921 1945 „Ordinati
953 1883 994 1926 a
1024 1883 1151 1927 non
1186 1839 1303 1927 suo
1341 1863 1689 1945 episcopo“
1730 1863 2258 1947 expediebantur,
2292 1864 2507 1946 sigillo
2555 1851 2782 1949 appo?

194 1970 320 2034 sito
370 1970 602 2034 summi
649 1970 1110 2053 penitentiarij.

377 2082 403 2161 ΙΙ
427 2076 595 2142 Item
627 2077 792 2142 solet
822 2075 963 2141 dari
997 2098 1141 2141 cum
1174 2076 1439 2159 speciali
1472 2082 1538 2140 et
1568 2077 1742 2142 iusta
1774 2078 2183 2143 conclusione
2216 2084 2444 2142 contra
2463 2079 2752 2161 comiteS,

192 2184 495 2266 baroneS,
536 2184 774 2250 milites
816 2189 882 2248 et
912 2183 1096 2265 alios,
1139 2184 1249 2266 qui
1281 2185 1724 2267 possessiones
1757 2189 1823 2248 et
1853 2185 2025 2249 bona
2056 2190 2279 2249 tenent
2310 2184 2393 2249 ab
2442 2184 2752 2269 ecclesiJS,

193 2291 370 2374 quod
403 2312 667 2355 censum
699 2312 814 2356 seu
844 2290 1170 2356 redditum
1190 2313 1308 2374 pro
1334 2290 1463 2355 illis
1494 2290 1787 2355 debitum
1817 2291 2061 2355 solvere
2100 2313 2227 2355 non
2260 2291 2750 2375 compellantur.

462 2505 577 2570 Ad
624 2506 841 2571 idem.

373 2648 543 2713 Item
600 2655 828 2715 contra
892 2648 1185 2731 eosdem,
1253 2648 1425 2732 quod
1492 2648 1571 2712 de
1635 2648 2153 2733 possessionibus
2218 2655 2285 2714 et
2348 2648 2561 2731 bonis,
2627 2670 2753 2732 que

188 2762 419 2821 tenent
448 2756 533 2821 ab
581 2756 871 2838 ecclesijs
919 2757 1058 2821 sine
1105 2776 1421 2821 consensu
1469 2755 1876 2821 dominorum
1923 2757 2366 2838 ecclesiarum,
2414 2756 2578 2820 alios
2626 2778 2755 2819 non

187 2863 546 2928 infendent.

462 3060 577 3125 Ad
623 3061 838 3125 idem.

373 3203 542 3268 Item
606 3203 927 3286 indulgeri
988 3203 1152 3268 solet
1215 3202 1573 3284 religiosiS,
1640 3223 1721 3266 ne
1792 3201 1994 3285 aliqui
2058 3203 2426 3267 temeritate
2490 3203 2754 3285 propria

187 3311 537 3377 occasione
592 3311 1031 3393 questionum,
1088 3330 1252 3392 quas
1308 3314 1535 3373 contra
1588 3307 1734 3372 illos
1791 3316 2093 3373 asserunt
2146 3329 2215 3372 se
2263 3307 2532 3390 habere,
2581 3309 2754 3372 bona

186 3419 486 3502 ipsorum
532 3417 874 3500 pignorare
920 3421 1299 3500 presumant
1344 3437 1463 3480 nec
1510 3415 1709 3480 etiam
1755 3414 2038 3479 vadiare.

460 3631 574 3696 Ad
621 3630 835 3695 idem.

372 3774 542 3839 Item
573 3774 895 3858 protectio
928 3779 993 3838 et
1021 3773 1337 3838 bonorum
1384 3771 1790 3837 confirmatio
1836 3772 1904 3835 in
1934 3771 2144 3837 forma
2189 3773 2511 3836 communi
2560 3772 2754 3836 datur
2788 3784 2794 3788 ’

190 3881 517 3964 religiosis
564 3887 631 3945 et
675 3879 974 3946 omnibus
1020 3880 1146 3964 pijs
1211 3879 1372 3944 locis
1438 3901 1514 3943 ac
1563 3879 1760 3943 etiam
1806 3878 2101 3961 leprosis.
2203 3877 2333 3943 Pro
2381 3878 2615 3960 quibus
2661 3879 2751 3943 le-

190 3990 407 4074 prosis
454 3988 807 4070 addicitur,
856 3987 1029 4070 quod
1078 3986 1156 4051 de
1203 3987 1363 4051 ortis
1410 3994 1477 4051 et
1521 3986 1817 4068 virgultis
1865 3991 1931 4049 et
1976 3985 2352 4050 animalium
2399 3987 2751 4051 nutrimen-

189 4097 279 4161 tis
328 4095 613 4160 decimas
659 4116 788 4160 non
833 4094 1222 4179 persolvant.

463 4310 579 4374 Ad
625 4309 840 4373 idem.

375 4451 543 4529 Item
599 4452 773 4536 quod
827 4452 1114 4535 religiosi
1170 4456 1387 4534 preter
1440 4449 1617 4530 illos,
1668 4449 1782 4531 qui
1826 4450 2266 4531 possessiones
2314 4470 2440 4514 non
2485 4447 2750 4529 habent,

195 4560 450 4645 possint
522 4560 867 4625 succedere
939 4560 1006 4622 in
1080 4558 1266 4623 bonis
1340 4557 1614 4621 fratrum
1680 4555 2118 4639 professorum
2184 4557 2322 4620 sine
2383 4556 2542 4620 iuris
2607 4576 2750 4639 pre-

195 4669 427 4733 iuditio
476 4667 689 4732 alieni.

2810 2088 2928 2142 Fol.
2953 2093 2982 2142 7
2988 2093 3019 2140 2
3032 2090 3070 2142 ¹².
