3242 5184
1230 292 1717 356 -127—

225 469 548 533 sentientes
597 473 714 533 etc.
765 489 971 551 usque
1020 467 1245 533 confisi
1293 468 1590 533 omnibus
1638 490 1787 533 vere
1833 468 2269 551 penitentibus
2317 473 2382 531 et
2411 466 2741 548 confessiS,

223 577 320 657 qui
350 575 422 639 de
454 575 872 641 facultatibus
906 576 1041 639 suis
1089 581 1209 641 etc.
1258 597 1464 658 usque
1511 581 1892 655 statuentes,
1940 582 2031 655 ut,
2081 575 2136 638 si
2182 565 2317 656 qui¹
2339 573 2612 639 fratrum
2643 575 2743 638 vel

222 683 575 747 nunciorum
622 703 905 764 suorum,
954 683 1067 764 qui
1114 681 1199 747 ad
1245 682 1508 747 easdem
1552 682 1997 747 fraternitates
2045 682 2227 745 missi
2284 681 2527 745 fuerint
2543 730 2558 762 ,
2619 686 2740 744 etc.

220 810 400 871 usque
445 790 511 853 in
557 788 770 856 finem.

458 1038 573 1103 Ad
621 1038 878 1104 idem.l

368 1180 714 1263 Querelam
770 1202 1033 1265 gravem
1090 1182 1452 1265 recepimus
1513 1181 1894 1245 dilectorum
1952 1179 2232 1245 filiorum
2282 1229 2297 1244 .
2334 1229 2348 1244 .
2398 1180 2631 1263 prioris
2678 1183 2744 1244 et

213 1288 464 1353 fratrum
528 1288 798 1353 ecclesie
857 1293 1081 1352 sancte
1135 1288 1343 1353 Marie
1402 1287 1789 1370 Magdalene
1852 1288 2068 1370 pontis
2117 1292 2199 1351 ’et
2261 1285 2602 1369 hospitalis
2661 1286 2742 1349 de

211 1393 483 1460 Lavania
514 1396 855 1460 Ianuensis
902 1395 1200 1476 diocesiS,
1248 1415 1444 1476 quam
1490 1416 1606 1479 pre
1653 1393 2098 1477 magnitudine
2144 1393 2331 1476 culpe
2379 1400 2499 1458 etc.
2534 1413 2741 1475 usque

212 1501 350 1565 dicti
381 1501 620 1567 fratres
651 1501 753 1566 vel
785 1523 1008 1567 eorum
1039 1502 1273 1584 nuntij,
1307 1501 1499 1585 quod,
1533 1523 1678 1565 cum
1726 1523 1843 1585 pro
1875 1499 2244 1584 confratrijs
2276 1505 2343 1565 et
2374 1499 2740 1565 elemosinis

207 1627 552 1691 pauperum
585 1615 705 1673 etc.
745 1630 952 1691 usque
999 1609 1337 1690 accedunt,
1375 1629 1486 1673 eos
1515 1607 1618 1672 vel
1650 1629 1873 1673 eorum
1904 1608 2163 1672 nuntios
2195 1608 2481 1690 recipere
2513 1605 2743 1670 nolunt

208 1735 394 1796 usque
441 1715 769 1799 predictos
817 1715 1051 1780 fratres
1098 1716 1198 1780 vel
1245 1735 1468 1780 eorum
1513 1716 1776 1779 nuntios
1824 1719 1945 1779 etc.
1994 1734 2201 1797 usque
2247 1715 2314 1777 111
2361 1712 2574 1777 finem.

451 1964 572 2029 Ad
617 1964 878 2030 idem.²

363 2086 556 2173 Circa
601 2129 800 2192 opera
845 2108 1110 2192 pietatis
1157 2113 1279 2172 etc.
1328 2129 1534 2190 usque
1582 2107 1836 2172 dilectis
1868 2111 2087 2171 tamen
2118 2105 2272 2191 filijs
2321 2155 2336 2170 .
2372 2155 2387 2170 .
2436 2106 2638 2188 priori
2676 2111 2742 2169 et

200 2213 499 2280 fratribus
561 2215 829 2280 ecclesie
893 2220 1117 2279 sancte
1163 2215 1370 2279 Marie
1415 2213 1802 2298 Magdalene
1860 2216 2076 2297 pontis
2137 2219 2205 2277 et
2259 2212 2602 2296 hospitalis
2659 2213 2739 2277 de

200 2319 479 2386 Lavania
533 2321 875 2386 Ianuensis
933 2321 1208 2386 diocesis
1262 2328 1446 2387 tanto
1501 2321 1813 2385 tenemini
1876 2327 1997 2385 etc.
2055 2341 2259 2403 usque
2315 2319 2607 2384 obtinere
2663 2342 2739 2385 ac

202 2434 430 2508 quanto
479 2429 680 2494 etiam
724 2428 883 2512 ipsis
917 2428 1001 2492 ad
1033 2427 1584 2493 manutenendum
1615 2434 1878 2512 pontem
1910 2427 1992 2492 de
2021 2426 2317 2492 Lavania
2350 2432 2501 2490 sunt
2532 2428 2738 2510 magis

199 2532 425 2600 Christi
485 2535 776 2601 fidelium
842 2535 1134 2600 subsidia
1194 2541 1531 2619 oportuna.
1635 2534 1973 2601 Monemus
2039 2540 2159 2599 etc.
2221 2555 2429 2617 usque
2495 2533 2739 2618 nuntijs

198 2641 455 2707 ecclesie
523 2664 600 2707 ac
663 2643 879 2728 pontis
936 2649 1003 2707 et
1053 2642 1393 2726 hospitalis
1448 2644 1736 2727 ipsorum
1793 2647 1914 2707 etc.
1972 2662 2179 2724 usque
2243 2642 2610 2706 clemosinis
2674 2646 2742 2705 et

197 2768 390 2830 usque
436 2750 840 2817 infirmorum
888 2756 954 2814 et
989 2771 1348 2833 pauperum
1380 2756 1444 2815 et
1476 2749 1560 2814 ad
1592 2749 2139 2814 manutenendum
2170 2753 2433 2832 pontem
2464 2746 2739 2812 eundem
2817 2740 2820 2741 ⁷

199 2861 306 2920 etc.
351 2877 562 2940 usque
607 2858 987 2939 largiantur.
1064 2855 1351 2921 Litteras
1402 2862 1621 2921 autem
1663 2863 1785 2920 etc.
1834 2876 2041 2939 usque
2087 2855 2156 2919 in
2200 2854 2416 2918 finem.

361 2963 559 3028 Item
591 2964 938 3029 dominus
972 2963 1413 3028 Alexander
1444 2985 1644 3048 papa
1674 2962 1817 3026 IIII
1849 2960 2050 3046 apud
2083 2960 2360 3037 Urbem
2407 2961 2738 3026 secundo

195 3089 374 3135 anno
406 3070 923 3154 pontificatus
957 3071 1073 3135 sui
1104 3072 1485 3154 precepit,
1509 3076 1591 3134 ut
1621 3070 1992 3152 magister
2023 3074 2097 3135 et
2129 3069 2412 3133 fratres
2446 3067 2737 3132 ordinis

195 3176 466 3242 militie
516 3179 767 3242 sancti
812 3176 1078 3242 Iacobi
1125 3176 1499 3242 haberent
1545 3177 1635 3241 de
1677 3183 1933 3241 cetero
1966 3174 2450 3258 subscriptas
2481 3174 2738 3239 indul-

194 3284 490 3364 gentias
539 3306 703 3349 cum
751 3285 909 3348 suis
957 3283 1219 3348 titulis
1251 3282 1688 3349 videlicetz³
1721 3282 1926 3365 „Cum
1956 3282 2209 3348 dilectis
2246 3280 2445 3363 filijs‘<
2477 3288 2739 3365 preter

193 3389 378 3456 illud
425 3392 880 3475 capitulum:
934 3389 1145 3473 „Sane
1183 3391 1491 3472 quoniam
1523 3412 1563 3454 a
1603 3388 1845 3454 nostris
1877 3388 2443 3473 predecessoribus
2475 3393 2577 3452 est
2607 3395 2737 3452 sta-

194 3502 459 3582 tutum“,
484 3497 914 3581 „Querelam“
948 3498 1059 3562 et4
1079 3496 1310 3581 „Circa
1329 3519 1527 3580 opera
1546 3497 1851 3581 pietatis“
1886 3495 2299 3560 secundum
2331 3495 2529 3577 quod
2563 3499 2738 3559 sunt

192 3603 263 3666 in
306 3606 782 3689 provintiali.
876 3605 1238 3688 Precepit
1302 3605 1563 3687 etiam,
1631 3610 1713 3668 ut
1775 3601 2205 3686 gauderent
2257 3602 2419 3667 illis
2483 3602 2736 3666 indul-

193 3713 472 3796 gentijs
532 3713 682 3777 sibi
747 3711 1389 3796 competentibus,
1453 3711 1733 3794 quibus
1795 3710 2080 3775 fratres
2128 3709 2420 3774 milicie
2466 3709 2737 3793 templi

195 3823 262 3881 et
303 3819 723 3903 hospitalis
769 3817 1386 3885 Ierosolimitani
1432 3818 1794 3901 gaudent,
1844 3817 2047 3882 sicut
2092 3823 2269 3881 sunt
2312 3817 2388 3880 in
2433 3816 2735 3900 provin-

193 3925 374 3991 tiali.
452 3925 735 3991 Eodem
767 3946 960 3992 anno
992 3925 1371 4009 precepit,
1403 3932 1487 3990 ut
1519 3975 1534 3990 .
1572 3975 1587 3990 .
1620 3926 1991 4008 magister
2022 3929 2098 3989 et
2142 3924 2430 3988 fratres
2475 3923 2736 4006 hospi-

196 4032 409 4113 utalis
441 4033 706 4099 Sancti
754 4032 1093 4116 Spiritus
1138 4034 1213 4096 in
1259 4031 1492 4097 Saxia
1537 4031 1627 4097 de
1672 4031 1877 4097 Urbe
1923 4032 2298 4096 haberent
2343 4030 2433 4094 de
2481 4035 2735 4094 cetero
2773 4031 2895 4086 Fol-
2932 4033 3055 4085 66¹²·

192 4137 740 4224 indulgentiam
786 4140 1308 4222 subscriptam
1355 4160 1521 4203 cum
1585 4161 1722 4203 suo
1786 4138 2021 4203 titulo
2086 4137 2479 4202 videlicet:
2531 4136 2735 4219 „Cum

359 4393 378 4424 ¹
414 4391 529 4446 und
569 4391 591 4423 ⁹
625 4392 737 4446 Am
774 4390 931 4445 Ende
967 4391 1067 4445 der
1101 4389 1593 4461 vorhergehenden
1632 4389 1794 4444 Zeile.
1987 4387 2009 4420 ⁸
2044 4388 2156 4441 Am
2192 4387 2388 4443 Raude
2423 4386 2605 4442 rechts
2643 4388 2734 4440 ein

197 4480 225 4528 5
257 4478 393 4534 Otm.
430 4481 601 4536 hohes
638 4486 782 4536 rotes
819 4481 1022 4535 Kreuz.
1095 4479 1214 4534 Der
1257 4477 1529 4535 vertikale
1566 4477 1782 4531 Balken
1820 4483 1969 4547 tragt
2004 4495 2094 4531 am
2132 4477 2304 4532 obern
2339 4477 2536 4531 Rande
2572 4478 2733 4530 einen

194 4564 342 4639 Βίης,
378 4570 519 4624 nach
557 4576 728 4625 unten
763 4587 833 4623 zu
869 4569 1189 4639 verlangert
1224 4587 1284 4622 er
1319 4567 1433 4622 sich
1471 4567 1787 4620 bedeutend
1827 4567 1938 4620 und
1977 4565 2159 4621 lauft
2145 4585 2202 4619 m
2228 4568 2380 4620 einer
2405 4566 2589 4636 Spitze
2614 4583 2729 4620 aue.

194 4654 300 4711 ⁴et
333 4660 387 4712 in
425 4666 572 4715 roter
607 4658 827 4714 schrift.
