3242 5184
135 2455 253 2510 Fol.
298 2460 396 2510 102
408 2465 446 2509 ⁸.

1542 251 2031 313 —194-

504 446 622 507 pro
652 425 867 508 aliquo
901 425 1132 490 clerico
1165 428 1530 509 coniugatO,
1562 448 1681 509 pro
1714 427 1983 492 absente
2021 427 2299 491 scienter
2328 427 2676 509 impetrare
2707 432 3059 510 presumat.

506 530 632 614 Qui
675 554 825 597 vero
874 533 1270 596 contrarium
1314 531 1560 615 fecerit,
1611 532 1690 597 de
1739 532 2068 598 audientia
2113 539 2425 617 perpetuo
2473 533 2853 617 expellatur.

681 637 870 721 Quod
942 639 1156 704 nullus
1222 640 1417 704 etiam
1487 662 1605 722 pro
1681 640 1917 706 salario
1989 641 2462 724 impetrationis
2526 642 2884 723 gratiarum
2950 648 3063 705 aut

500 748 931 829 gratiosarum
983 747 1376 828 litterarum,
1433 768 1549 829 pro
1609 747 1900 829 qualibet
1944 746 2244 811 videlicet
2305 748 2555 830 gratia1
2609 748 3063 831 prosequenda

499 855 774 937 recipiat
802 855 973 919 ultra
1004 860 1283 937 quatuor
1313 852 1742 937 Turonenses,
1790 855 1917 919 nisi
1946 853 2118 919 foret
2147 854 2417 919 alicuius
2449 855 2685 937 prelati
2715 855 3059 937 promotio,

499 961 579 1027 de
644 983 774 1044 qua
819 960 1096 1027 fuerint2
1151 960 1479 1027 interdum
1528 962 1943 1045 quamplures
1991 962 2244 1044 littere,
2295 984 2413 1043 pro
2463 983 2739 1043 quarum
2788 961 3060 1044 singulis

498 1074 778 1150 quatuor
822 1069 1295 1135 Turonensium
1341 1069 1427 1133 sit
1471 1070 1841 1152 receptione
1888 1075 2247 1135 contentus

676 1175 860 1258 Quod
918 1176 1130 1241 nullus
1185 1176 1438 1241 litteras
1492 1197 1609 1259 per
1664 1176 1906 1241 dictam
1962 1175 2356 1241 audientiam
2402 1176 2751 1258 impetrare
2798 1174 3057 1257 audeat,

495 1283 624 1346 nisi
676 1283 889 1350 locum
946 1282 1070 1347 sibi
1127 1284 1528 1365 assignatum
1582 1304 1699 1367 per
1752 1282 2351 1348 vicecancellarium
2406 1281 2648 1346 habeat
2692 1284 2758 1345 in
2807 1281 3055 1346 eadem.

498 1387 623 1470 Qui
655 1390 851 1454 etiam
884 1412 923 1453 a
953 1395 1134 1472 tergo
1180 1389 1415 1471 littere,
1466 1411 1662 1471 quam
1708 1390 2034 1473 impetrat,
2084 1411 2272 1454 61111111
2317 1410 2552 1453 nomen
2600 1395 2905 1471 apponat,
2955 1389 3058 1453 vel

493 1496 620 1560 nisi
664 1496 1040 1579 principalis
1086 1517 1391 1579 persona,
1450 1518 1575 1578 que
1621 1518 1740 1578 pro
1788 1518 1856 1561 se
1904 1497 2003 1562 vel
2050 1496 2324 1561 ecclesia
2370 1501 2484 1559 aut
2529 1495 2675 1579 alijs
2721 1493 3054 1578 beneficijs

495 1604 628 1666 suis
677 1609 789 1667 aut
823 1625 941 1686 pro
974 1604 1332 1686 conjunctis
1366 1602 1491 1667 sibi
1522 1623 1727 1685 usque
1760 1602 1843 1666 ad
1876 1604 2138 1668 tertium
2170 1603 2747 1683 consanguinitatis
2779 1601 3053 1684 gradum

491 1708 596 1773 vel
639 1732 756 1793 pro
802 1710 952 1792 illis,
1002 1732 1041 1774 a
1087 1711 1322 1793 quibus
1356 1730 1550 1792 super
1580 1709 1704 1774 hoc
1735 1710 2113 1775 mandatum
2144 1709 2448 1774 habuerit
2478 1709 2775 1791 speciale.
2863 1707 3053 1790 Quod

493 1816 549 1878 si
595 1817 739 1900 quis
786 1817 1179 1882 contrarium
1226 1816 1469 1897 fecerit,
1517 1815 1760 1897 littere,
1811 1838 1973 1898 quas
2021 1824 2174 1881 tunc
2229 1815 2608 1898 impetrabit
2626 1866 2648 1898 ,
2700 1818 2766 1879 in
2823 1815 3052 1880 eadem

491 1921 820 1987 audientia
864 1923 1206 1988 lanientur.

669 2029 855 2112 Quod
911 2031 1124 2094 nullus
1182 2031 1268 2094 sit
1322 2051 1518 2094 ausus
1572 2048 1808 2094 nomen
1861 2031 2299 2112 procuratoris
2354 2029 2569 2093 locum
2623 2029 2925 2093 habentis
2982 2030 3049 2092 in

489 2134 663 2200 dicta
694 2136 1024 2201 audientia
1054 2158 1292 2219 ponere
1326 2158 1365 2200 a
1395 2142 1575 2218 tergo
1607 2137 1676 2198 in
1706 2135 1963 2215 11116116,
1986 2120 2110 2218 que
2141 2158 2258 2220 per
2290 2136 2565 2201 eundem
2595 2137 3043 2218 impetrantur,

487 2243 614 2307 nisi
661 2264 736 2307 eo
784 2265 1086 2327 expresse
1133 2244 1502 2309 mandante.
1581 2242 1672 2306 Et
1708 2243 1764 2306 si
1795 2244 2188 2308 contrarium
2219 2248 2548 2326 repertum
2579 2242 2793 2324 fuerit,
2827 2243 3042 2307 littere

487 2350 626 2431 ipse
672 2351 741 2413 in
787 2350 1116 2417 audientia
1159 2353 1304 2435 ipsa
1347 2350 1692 2416 lanientur.

668 2462 692 2541 Η
719 2456 906 2539 Quod
951 2458 1165 2522 nullus
1215 2458 1533 2522 dictorum
1579 2461 2068 2539 procuratorum
2115 2457 2215 2521 vel
2262 2457 2469 2539 quivis
2518 2456 2682 2520 alius
2715 2477 3042 2521 removere

487 2563 724 2628 audeat
779 2586 1012 2629 nomen
1069 2565 1508 2648 procuratoris
1557 2563 1637 2628 de
1684 2563 1904 2645 aliqua
1949 2584 2066 2628 nec
2113 2586 2300 2628 suum
2346 2563 2445 2656 vel
2494 2563 2759 2628 alterius
2807 2584 3042 2627 nomen

483 2672 552 2734 in
612 2692 690 2734 ea
745 2692 985 2753 ponere
1044 2673 1182 2736 sine
1236 2671 1501 2736 licentia
1559 2669 1874 2734 auditoris
1934 2671 2480 2735 contradictarum
2528 2669 2626 2734 vel
2671 2669 2848 2733 illius
2896 2692 3040 2753 pro-

486 2778 822 2858 6111616116,
872 2778 1053 2842 6111116
1101 2798 1333 2842 nomen
1373 2799 1571 2861 supra
1616 2778 1928 2859 scriptum
1974 2775 2169 2842 fuerit
2204 2778 2272 2840 in
2304 2776 2547 2841 eadem.
2627 2775 3039 2841 Contrarium

484 2883 746 2965 facienS,
796 2885 851 2948 si
898 2885 983 2948 sit
1026 2890 1408 2968 procurator
1453 2886 1519 2948 in
1567 2884 1925 2965 audientia,
1986 2905 2102 2966 per
2148 2906 2347 2948 unum
2394 2905 2632 2947 annum
2680 2882 2762 2948 ab
2813 2884 3037 2948 eadem

484 2990 815 3055 audientia
852 2991 1232 3074 expellatur.
1311 2989 1380 3056 Si
1410 3012 1560 3055 vero
1593 2990 1760 3055 alius
1792 2991 2004 3071 fuerit,
2039 2991 2716 3055 excommunicationis
2748 2990 3037 3055 incurrat

483 3099 870 3163 sententiam
901 3098 1043 3180 ipso
1073 3096 1267 3179 facto,
1317 3119 1356 3161 a
1393 3119 1541 3180 qua,
1589 3098 1717 3161 nisi
1746 3099 1814 3160 in
1860 3098 2085 3161 mortis
2134 3097 2427 3180 articulo,
2459 3119 2577 3181 per
2607 3097 2807 3161 alium
2842 3118 3034 3178 quam

482 3225 599 3286 per
642 3226 760 3268 nos
807 3203 906 3268 vel
954 3204 1273 3286 prefatum
1319 3203 1916 3268 vicecancellarium
1963 3226 2092 3268 non
2137 3207 2345 3287 possit
2390 3204 2655 3269 absolvi.

660 3310 844 3393 Quod
909 3310 1035 3375 duo
1092 3311 1353 3374 nomina
1411 3316 1904 3392 procuratorum
1952 3331 1991 3374 a
2035 3317 2216 3392 tergo
2261 3311 2477 3375 littere
2514 3333 2642 3374 non
2687 3318 3030 3399 ponantur.

479 3417 570 3482 Et
614 3418 670 3482 si
716 3418 1110 3481 contrarium
1156 3423 1484 3500 repertum
1529 3417 1743 3499 fuerit,
1790 3417 2010 3481 littera
2054 3418 2122 3480 in
2154 3417 2485 3482 audientia
2514 3417 2797 3483 lanietur
2830 3424 2897 3482 et
2929 3440 3030 3483 ex-

478 3525 697 3606 pensis
742 3523 936 3605 illius,
985 3524 1096 3606 qui
1143 3523 1494 3588 secundum
1539 3545 1775 3588 nomen
1821 3525 2213 3607 apposuerit,
2260 3525 2672 3588 rescribatur.

658 3630 845 3713 Quod
876 3630 1091 3694 nullus
1129 3636 1509 3712 procurator
1555 3630 1843 3695 eiusdem
1886 3630 2214 3695 audientie
2260 3630 2548 3695 litteram
2582 3652 2695 3695 seu
2725 3631 3027 3696 informa-

477 3737 718 3802 tionem
771 3736 872 3801 vel
927 3737 1468 3819 procuratorium,
1527 3758 1652 3819 que
1718 3759 1830 3801 seu
1899 3736 2071 3819 quod
2137 3737 2325 3802 alteri
2387 3738 2795 3820 procuratori
2862 3738 3026 3803 dicte

477 3842 802 3909 audientie
859 3842 937 3907 de
992 3843 1286 3925 partibus
1341 3845 1731 3925 mitteretur,
1798 3846 2085 3926 recipere
2141 3864 2256 3908 seu
2316 3845 2567 3926 aperire
2613 3843 2715 3908 vel
2774 3866 2815 3908 a
2877 3866 3025 3908 casu

476 3955 737 4032 recepta
795 3952 1072 4014 retinere
1126 3957 1494 4031 presumat,
1559 3952 1686 4014 nisi
1750 3971 1944 4033 super
2005 3951 2129 4015 hoc
2188 3949 2271 4015 ab
2328 3949 2552 4014 eodem
2608 3957 3024 4033 procuratore

476 4056 853 4122 mandatum
911 4055 1213 4121 habuerit
1268 4056 1573 4139 speciale,
1643 4057 1756 4121 sed
1812 4056 2058 4139 absque
2115 4057 2423 4121 dilatione
2480 4056 2773 4139 qualibet
2819 4058 3021 4122 eidem

475 4164 896 4245 procuratori,
946 4164 1049 4227 6111
1094 4164 1455 4245 11111111111111,
1496 4162 1775 4228 fideliter
1818 4163 1931 4227 illa
1962 4164 2282 4228 restituat.
2354 4162 2601 4245 Quodsi
2633 4166 3018 4227 contrarium

476 4269 718 4352 fecerit,
769 4269 1034 4352 duplum
1081 4270 1239 4351 61116,
1287 4271 1459 4351 quod
1507 4271 1737 4335 exinde
1783 4272 2116 4353 receperit,
2161 4270 2276 4352 illi,
2326 4271 2438 4352 qui
2470 4291 2548 4334 ea
2579 4270 2703 4334 sibi
2735 4270 3017 4348 tradidit,

476 4376 531 4439 si
578 4378 814 4441 existat
855 4378 923 4440 in
970 4375 1145 4440 dicta
1190 4379 1404 4458 curia,
1454 4377 1740 4458 alioquin
1791 4376 1957 4440 illud
2003 4378 2443 4459 procuratori,
2494 4379 2598 4441 cui
2643 4376 2864 4440 littera
2910 4397 3016 4439 seu

655 4609 672 4640 ¹
710 4608 825 4663 Vor
860 4611 1041 4678 gratia
1076 4611 1164 4663 ist.
1184 4609 1369 4663 littera
1405 4613 1491 4662 rot
1534 4608 2032 4678 durchgestrichen.
2193 4610 2213 4641 ‘²
2250 4608 2481 4664 Hdschr.
2520 4609 2699 4665 fuerit.
