3242 5184
1546 303 1972 394 *39-

482 480 809 545 territorio
856 479 957 543 vel
994 478 1270 544 confinio
1310 485 1461 544 sunt
1494 480 1897 544 monasteria
1933 485 2150 545 vestra
2187 480 2334 561 sita,
2385 480 2522 545 sine
2560 502 2837 563 quorum
2874 501 3039 563 pace

482 587 836 653 subsistere
867 586 973 650 vix
1008 587 1301 670 potestis,
1341 592 1408 651 et
1445 586 1619 669 quod
1656 585 1741 650 ad
1777 586 1964 650 villas
2004 591 2190 652 extra
2226 588 2691 652 monasterium
2727 608 3042 671 persona-

480 694 630 758 liter
668 693 1049 759 accedentes
1081 693 1362 773 eosdem,
1411 694 1999 759 excommunicatos
2032 693 2116 759 ab
2163 693 2278 776 eiS,
2327 694 2598 778 singulis
2646 694 2878 760 diebus
2928 693 3041 759 do-

480 801 734 865 minicis
772 805 838 866 et
881 800 1158 883 festivis,
1225 800 1502 884 pulsatis
1558 801 1891 884 campanis
1953 804 2020 864 et
2073 800 2361 865 candelis
2409 801 2697 865 accensis
2711 850 2727 883 ,
2774 801 3043 884 publice

481 909 789 973 nuncient
824 907 1181 991 evitandoS,
1212 914 1480 991 propter
1516 906 1690 991 quod
1728 908 1911 990 quies
1949 908 2293 972 monastici
2331 907 2576 973 ordinis
2613 907 3045 990 perturbatur

481 1020 548 1079 et
610 1014 985 1099 frequenter
1037 1014 1367 1079 incurritis
1415 1015 1566 1080 odia
1609 1015 2037 1097 plurimorum
2059 1064 2075 1096 ,
2147 1037 2264 1080 nos
2311 1015 2773 1098 tranquillitati
2819 1022 3043 1080 vestre

479 1121 768 1187 volentes
851 1128 1127 1205 paterna
1218 1121 1626 1187 solicitudine
1720 1121 2058 1203 providere
2136 1114 2544 1187 'auctoritate
2635 1116 3044 1205 presentium

480 1228 840 1293 districtius
887 1228 1272 1311 inhibemus,
1320 1249 1401 1293 ne
1448 1229 1592 1311 quis
1640 1228 2079 1312 predictorum
2125 1228 2373 1312 absque
2418 1229 2727 1294 mandato
2774 1234 3041 1313 aposto-

478 1334 602 1400 lice
650 1335 821 1401 sedis
869 1335 1136 1423 speciali
1181 1341 1296 1399 aut
1341 1335 1539 1418 legati
1587 1335 1672 1399 ab
1719 1336 1857 1399 eius
1902 1335 2109 1400 latere
2147 1334 2456 1400 destinati
2494 1337 2814 1419 premissa
2850 1335 3042 1400 vobis

479 1443 815 1526 iniungere
861 1464 938 1507 ac
985 1442 1108 1507 ad1
1155 1463 1232 1507 ea
1278 1442 1662 1526 compellere
1708 1463 1819 1507 vos
1866 1447 2200 1525 presumat
2233 1443 2490 1525 invitoS,
2542 1442 2770 1508 eadem
2809 1449 3039 1508 aucto-

480 1550 674 1614 ritate
710 1549 892 1615 vobis
923 1548 1377 1615 nichilominus
1424 1548 1871 1631 concedenteS,
1920 1555 2021 1631 ut,
2072 1549 2128 1613 si
2175 1570 2380 1631 secuS,
2429 1550 2603 1633 quod
2649 1571 2779 1615 non
2826 1549 3041 1614 credi-

480 1678 644 1738 muS,
690 1662 1137 1740 presumptum
1183 1656 1397 1739 fuerit,
1443 1678 1556 1722 vos
1605 1656 1699 1720 eis
1745 1657 1814 1720 in
1858 1656 2189 1739 premissis
2226 1678 2357 1721 non
2391 1656 2744 1721 teneamini
2782 1656 3041 1739 aliqua-

480 1769 668 1828 tenus
706 1763 989 1828 obedire.
1062 1762 1240 1827 Nulli
1279 1784 1431 1846 ergo
1471 1768 1592 1827 etc.
1633 1768 1852 1827 nostre
1888 1761 2294 1828 inhibitionis
2332 1769 2399 1828 et
2434 1763 2870 1828 concessionis
2912 1769 3043 1828 etc.

481 1869 552 1934 Si
600 1871 745 1953 quis
795 1876 1012 1935 autem
1060 1875 1182 1935 etc.

741 2065 1119 2131 Eisdem.²

655 2206 736 2272 In
764 2208 990 2273 eodem
1019 2207 1229 2272 mode.
1288 2206 1548 2289 Quanto
1579 2214 1700 2273 etc.
1730 2229 1937 2291 usque
1976 2208 2257 2291 delegati
2286 2208 2686 2292 simplicibus
2717 2208 3042 2273 claustra-

479 2315 649 2380 libus
680 2315 1012 2380 monachis
1046 2316 1289 2380 ordinis
1338 2314 1784 2380 Cisterciensis
1839 2316 2182 2398 iniungant
2228 2321 2348 2381 etc.
2398 2336 2605 2398 usque
2652 2314 3041 2380 fundatores

481 2443 597 2486 seu
643 2422 966 2505 principes
1014 2444 1090 2486 ac
1128 2422 1291 2486 alios
1328 2428 1627 2505 potentes
1667 2430 1733 2487 et
1769 2422 2017 2487 nobiles
2057 2423 2392 2488 civitatum
2429 2428 2550 2487 etc.
2589 2443 2797 2505 usque
2836 2422 3042 2487 desti-

480 2529 619 2593 nati
663 2527 906 2593 eisdem
949 2530 1266 2611 premissa
1311 2530 1646 2611 iniungere
1680 2534 1796 2593 aut
1839 2531 2015 2612 ipsos
2064 2529 2149 2594 ad
2200 2550 2279 2594 ea
2324 2529 2708 2612 compellere
2742 2550 3042 2612 quoquo-

480 2635 670 2700 modo
708 2640 1060 2717 presumat,
1110 2634 1336 2700 eadem
1369 2637 1759 2700 auctoritate
1798 2642 1918 2701 etc.
1967 2657 2176 2719 usque
2222 2635 2438 2717 fuerit,
2485 2637 2612 2718 ipsi
2650 2636 2743 2701 eis
2780 2638 2849 2699 in
2886 2629 3039 2719 pre*-

481 2742 695 2806 missis
743 2764 871 2806 non
919 2747 1263 2807 teneantur
1310 2742 1723 2825 aliquatenus
1771 2742 2054 2808 obedire.
2129 2741 2308 2808 Nulli
2347 2764 2498 2826 ergo
2537 2749 2657 2808 etc.
2698 2748 2773 2807 ut
2810 2764 3034 2826 supra.

744 2936 1119 3002 Eisdem.³

656 3079 817 3145 Cum
871 3080 1219 3145 monachos
1275 3086 1342 3144 et
1398 3101 1739 3145 conversos
1797 3081 2337 3146 monasteriorum
2382 3086 2744 3145 vestrorum
2790 3080 2874 3146 ab
2923 3101 3036 3145 ex-

481 3187 1076 3269 communicatione,
1111 3209 1325 3269 quam,
1359 3188 1681 3251 iniciendo
1711 3209 1941 3252 manus
1973 3187 2290 3253 violentas
2320 3189 2593 3252 invicem
2630 3187 2698 3251 in
2730 3209 2798 3253 se
2829 3188 3034 3270 iPSOS,

480 3292 851 3376 frequenter
886 3293 1244 3376 incurrunt,
1293 3315 1372 3358 ex
1411 3293 1621 3358 officio
1659 3299 1873 3359 vestro
1921 3294 2255 3360 absolvere
2300 3295 2593 3376 valeatiS,
2644 3295 3036 3359 auctoritate

483 3399 661 3463 vobis
700 3401 1019 3482 presentis
1058 3400 1483 3483 indulgemUS,
1533 3408 1606 3465 ut
1654 3400 2027 3465 absolvendi
2074 3422 2183 3466 eos
2233 3401 2315 3465 ab
2365 3401 3035 3466 excommunicatione

478 3506 847 3571 huiusmodi
878 3507 1203 3589 prioribus
1235 3509 1488 3590 vestriS,
1539 3530 1684 3572 cum
1715 3529 1827 3573 vos
1877 3508 2104 3573 abesse
2152 3509 2513 3591 contigerit,
2554 3508 2819 3590 possitis
2860 3529 3035 3572 com-

480 3613 736 3677 mittere
782 3613 952 3678 vices
999 3619 1267 3679 vestras
1361 3614 1540 3679 Nulli
1587 3635 1738 3696 ergo
1786 3615 2218 3679 concessionis
2268 3620 2389 3679 etc.

743 3880 1084 3945 Abbati.
1121 3929 1134 3944 .
1171 3886 1245 3945 et
1277 3930 1290 3944 .
1336 3930 1350 3945 .
1386 3882 1800 3945 conventui
1847 3881 1935 3946 de
1971 3931 1984 3945 .
2029 3930 2042 3945 .
2078 3880 2636 3945 Cisterciensis
2670 3880 3033 3946 ordinis.³

655 4041 1041 4104 Animarum
1073 4040 1349 4104 salutem
1384 4039 1705 4106 desiderio
1737 4040 2019 4130 ferventi
2044 4047 2388 4124 querentes
2420 4040 2603 4105 vobis
2637 4042 3030 4106 auctoritate

479 4147 876 4230 presentium
922 4147 1349 4229 indulgemuS,
1397 4152 1471 4211 ut
1515 4146 1846 4212 hominum
1894 4147 1977 4211 ad
2024 4153 2310 4212 vestrum
2358 4147 2700 4212 servicium
2748 4168 3027 4213 commo-

479 4255 800 4335 rantium,
870 4254 981 4335 qui
1036 4276 1163 4319 non
1218 4259 1490 4336 possunt
1545 4253 1624 4318 de
1685 4254 1861 4319 facili
1918 4276 2180 4320 suorum
2226 4254 2467 4319 habere
2515 4255 2768 4337 copiam
2818 4275 3027 4318 sacer-

661 4486 678 4516 ¹
733 4484 859 4540 Von
913 4486 1146 4540 anderer
1198 4485 1367 4540 Hand
1421 4484 1672 4540 ziemlich
1723 4484 2048 4540 undeutlich
2102 4485 2241 4540 iiber
2295 4487 2384 4540 die
2439 4486 2588 4540 Zeile
2651 4485 3023 4555 geschrieben.

480 4576 501 4605 2
537 4574 656 4628 Hat
690 4592 779 4628 am
817 4574 973 4628 Ende
1010 4574 1109 4629 der
1146 4581 1326 4630 ersten
1361 4574 1509 4629 Zeile
1548 4575 1645 4628 des
1681 4574 1977 4645 folgenden
2002 4575 2271 4629 Absatzes
2308 4577 2496 4629 seinen
2533 4574 2692 4628 Platz
2727 4575 3022 4645 gefunden.

480 4664 500 4693 ³
538 4663 694 4716 Steht
732 4681 820 4716 am
861 4664 1013 4717 Ende
1052 4664 1150 4717 der
1186 4664 1386 4718 letzten
1424 4664 1571 4717 Zeile
1610 4664 1705 4717 des
1741 4663 2229 4734 vorhergehenden
2265 4663 2548 4718 Absatzes.
