3242 5184
1300 288 1788 348 —233—

264 470 497 547 tencia‚
545 469 677 532 sive
714 489 830 550 per
861 488 930 530 se
963 467 1434 549 committatur,
1457 462 1713 527 auditor
1750 461 1979 526 citabit
2019 460 2101 525 ad
2133 458 2519 524 instanciam
2554 455 2820 519 alterius

264 575 471 659 partis
526 574 728 655 illum,
778 574 958 638 cuius
1007 572 1366 655 appellacio
1422 578 1521 635 est
1577 569 1852 651 deserta,
1909 569 2139 652 primO,
2190 569 2280 646 20,
2331 569 2402 629 30
2449 585 2527 627 ex
2572 561 2821 626 habun-

266 681 448 746 danti
493 680 576 745 ad
623 680 983 769 docendum
1038 680 1118 744 de
1177 679 1520 761 diligencia
1572 671 2048 760 prosecucionis
2096 671 2578 758 appellacionis,
2628 675 2693 733 et
2714 673 2739 752 ΙΙ
2764 667 2819 731 si
2985 663 3104 717 Fol.

264 810 394 854 non
439 787 750 868 docuerit,
808 786 1065 851 auditor
1090 774 1095 779 ’
1119 784 1574 870 pronunciabit
1630 783 2141 866 appellacionem
2197 780 2520 844 desertam
2567 783 2631 842 et
2677 796 2819 840 sen·
2859 750 3240 893 OO{J{IIb·

266 896 545 960 teuciam
576 894 952 959 transivisse
989 894 1059 957 in
1104 913 1243 958 rem
1288 893 1661 972 iudicatam,
1711 896 1778 955 et
1820 911 1949 954 non
1997 886 2500 970 condempnabit
2541 885 2610 947 in
2657 882 2821 946 fruc·
2949 842 2970 908 (
3045 848 3076 894 8
3116 841 3153 906 ’)

266 1002 440 1067 tibus
494 1002 816 1085 perceptis
872 1000 985 1065 sed
1032 999 1330 1084 expensis
1386 999 1721 1063 duntaxat.
1826 996 1994 1062 Item
2054 1001 2237 1075 nota,
2305 992 2539 1076 quodsi
2604 990 2822 1073 appel-

266 1110 438 1174 latur
483 1132 523 1173 a
568 1109 685 1173 tali
732 1108 1065 1172 sentencia
1109 1127 1305 1190 super
1351 1107 1724 1170 desercione
1769 1104 1924 1184 lata,
1973 1104 2397 1168 observantur
2424 1099 2707 1178 ,termini
2753 1103 2825 1162 ut

266 1218 334 1279 in
392 1218 459 1279 2⁸
506 1222 572 1280 et
618 1219 685 1280 3⁸
738 1213 1106 1278 huiusmodi
1166 1212 1557 1277 desercionis
1613 1212 1950 1294 instancijs
1974 1261 1989 1292 ,
2064 1216 2138 1274 ut
2190 1210 2358 1273 inter
2413 1207 2573 1271 alias
2627 1207 2822 1269 inter-

265 1323 615 1388 locutorias
663 1343 857 1404 super
903 1320 1383 1404 gravaminibus
1405 1380 1410 1385 ,
1432 1319 1941 1402 quibuscunque.

536 1678 774 1762 Super
819 1677 1188 1742 nullitate
1232 1699 1748 1761 processuum.

445 1821 613 1887 Item
661 1829 835 1903 nota,
884 1821 1077 1903 quod,
1127 1843 1272 1885 cum
1322 1823 1535 1903 agitur
1581 1841 1776 1902 super
1820 1819 2121 1883 nullitate
2166 1838 2603 1901 processuum,
2651 1822 2826 1898 post-

269 1952 462 2013 quam
521 1950 718 1993 causa
771 1927 955 1993 finita
1010 1935 1130 2010 est,
1188 1928 1486 1993 videlicet
1539 1927 1713 2011 quod
1758 1927 1970 2009 prima
2024 1924 2125 1990 vel
2172 1923 2457 1988 secunda
2501 1923 2830 1987 sentencia

267 2039 335 2102 in
390 2057 527 2101 rem
581 2036 882 2100 transivit
932 2035 1284 2100 iudicatam
1340 2042 1454 2099 aut
1506 2056 1622 2117 per
1675 2041 1807 2098 tres
1864 2031 2239 2097 diffinitivas
2287 2031 2671 2112 sentenciaS,
2722 2051 2828 2095 ex-

268 2144 452 2228 pedit
503 2145 711 2227 primo
766 2163 994 2225 parere
1040 2142 1136 2207 rei
1166 2143 1466 2224 iudicate,
1517 2148 1582 2207 et
1613 2141 1845 2206 deinde
1893 2139 2413 2205 obvervabuntur
2457 2138 2716 2202 termini
2761 2138 2829 2201 in

270 2251 566 2317 omnibus
630 2249 998 2333 instancijs,
1073 2254 1267 2332 prout
1329 2250 1395 2312 in
1461 2249 1607 2333 alijs
1666 2249 1879 2312 causis
1935 2267 2130 2329 super
2175 2246 2440 2328 negocio
2487 2244 2830 2327 principali

208 2414 214 2419 .
270 2359 716 2424 observantur.
808 2355 975 2420 Item
1022 2362 1197 2437 nota,
1246 2355 1440 2437 quod,
1489 2356 1545 2419 si
1591 2377 1790 2419 causa
1834 2353 2019 2419 finita
2062 2374 2191 2418 non
2233 2353 2337 2434 sit,
2385 2357 2459 2417 ut
2486 2350 2828 2435 prefertur,

271 2472 336 2531 et
381 2464 661 2530 auditori
725 2484 918 2528 cause
973 2463 1337 2528 constiterit
1390 2483 1469 2528 ex
1525 2463 1745 2545 aliqua
1790 2483 1989 2526 causa
2031 2459 2414 2526 racionabili
2457 2480 2829 2542 processum

272 2593 465 2638 cause
517 2571 656 2649 fore‘
710 2570 982 2651 nullum,
1040 2577 1199 2653 puta
1253 2592 1398 2634 cum
1445 2591 1574 2634 non
1619 2569 1898 2634 habetur
1944 2566 2269 2632 sufficiens
2316 2567 2829 2649 procuratorium

273 2680 356 2745 ad
404 2700 666 2744 causam
713 2684 779 2743 et
822 2698 1163 2761 processus
1212 2684 1277 2742 et
1323 2698 1521 2741 causa
1565 2698 1695 2741 non
1742 2677 1872 2740 sint
1917 2675 2081 2740 bene
2114 2674 2417 2767 deyoluta
2462 2675 2624 2738 etin
2656 2674 2828 2737 simi-

270 2787 441 2852 libus
490 2785 766 2866 casibuS,
823 2791 978 2849 tunc
1024 2784 1280 2850 auditor
1326 2805 1519 2849 cause
1578 2784 1775 2848 etiam
1823 2784 1960 2848 sine
2006 2783 2326 2865 peticione
2373 2781 2637 2847 alterius
2684 2802 2830 2863 par-

274 2895 441 2959 cium
487 2894 728 2977 poterit
771 2893 912 2958 loco
960 2893 1286 2957 sentencie
1334 2891 1672 2955 diffinitive
1718 2890 2086 2954 huiusmodi
2130 2910 2505 2972 processum
2551 2909 2829 2970 pronun-

274 3002 446 3066 ciare
502 3000 638 3066 fore
693 2999 970 3080 nullum,
1032 2998 1187 3063 licet
1238 2999 1305 3062 in
1354 3019 1552 3062 causa
1597 2998 1743 3080 ipsa
1788 2998 1919 3061 sint
1961 2997 2179 3079 plures
2226 2996 2550 3060 sentencie
2596 2994 2831 3059 diffini-

272 3109 402 3172 tive
455 3107 614 3189 late,
681 3114 747 3172 et
799 3111 1083 3171 resumet
1143 3107 1452 3170 terminos
1510 3105 1592 3170 ab
1654 3102 1846 3170 inicio
1901 3125 2242 3187 processus
2299 3109 2368 3167 et
2430 3102 2835 3167 continuabit

273 3215 353 3279 de
398 3236 582 3279 novo.
1786 3223 1789 3226 ’

538 3536 646 3601 De
692 3533 1106 3600 taxacione
1154 3554 1676 3615 expensarum.

448 3678 614 3743 Item
672 3678 756 3742 ad
810 3675 1164 3741 taxandum
1220 3696 1536 3758 expensas
1592 3676 1807 3740 nullus
1864 3677 2175 3740 terminus
2222 3675 2531 3759 precedit,
2579 3677 2704 3740 nisi
2752 3677 2834 3741 ad

272 3785 616 3849 videndum
675 3805 785 3849 eas
841 3784 1081 3865 taxari,
1139 3788 1206 3849 et
1257 3805 1410 3865 pars
1466 3783 1663 3864 iuret,
1713 3782 1887 3865 quod
1935 3804 2198 3848 causam
2246 3784 2561 3867 exposuit,
2611 3789 2678 3848 et
2723 3783 2832 3848 do-

273 3893 485 3955 minus
550 3891 806 3956 auditor
868 3890 1139 3955 taxabit.
1233 3888 1401 3954 Item
1465 3891 1706 3973 poterit
1768 3891 1913 3973 quis
1979 3891 2306 3973 appellare
2374 3890 2457 3955 ab
2506 3890 2837 3955 excessiva

184 3990 193 4001 ’
271 3999 611 4062 taxacione
676 4019 1123 4082 expensarum,
1191 4003 1257 4061 et
1319 4004 1472 4061 tunc
1537 4002 1872 4062 serventur
1933 3997 2193 4061 termini
2257 4002 2331 4062 ut
2382 3998 2449 4060 in
2498 3996 2643 4079 alijs
2690 4018 2833 4078 gra-

272 4104 656 4185 vaminibus,
715 4111 778 4169 et
838 4125 1114 4187 sequens
1172 4105 1428 4170 auditor
1473 4104 1840 4169 moderabit
1886 4111 2000 4169 aut
2043 4104 2259 4187 plures
2306 4105 2560 4169 taxabit
2616 4104 2834 4168 huius-

270 4211 449 4277 modi
513 4231 830 4293 expensas
897 4233 1012 4276 seu
1075 4213 1459 4295 pronunciet
1521 4212 1686 4276 bene
1747 4233 2142 4295 processum,
2207 4217 2401 4295 prout
2457 4210 2664 4277 eidem
2723 4233 2834 4274 au-

272 4319 467 4385 ditori
512 4317 836 4382 videbitur
880 4319 1366 4403 expediendum,
1417 4326 1481 4384 et
1512 4320 1567 4385 si
1606 4324 1983 4401 augmentat
2014 4340 2349 4403 expensaS,
2397 4319 2631 4383 iterato
2673 4319 2835 4383 reci-

271 4426 408 4510 piet
453 4448 493 4490 a
522 4431 729 4508 parte,
777 4448 893 4509 pro
941 4448 1072 4509 qua
1116 4427 1260 4491 illas
1309 4427 1775 4509 augmentabit,
1825 4426 1903 4490 de
1949 4447 2114 4490 novo
2160 4427 2613 4507 iuramentum,
2663 4426 2836 4509 quod

272 4538 526 4597 tantum
567 4533 865 4618 exposuit
918 4535 1255 4600 occasione
1308 4532 1678 4597 huiusmodi
1724 4554 1918 4597 cause
1963 4532 2477 4614 prosecucioniS,
2545 4537 2611 4597 et
2663 4532 2834 4597 idem

277 4637 574 4705 dominus
621 4640 880 4707 auditor
924 4643 992 4705 in
1037 4642 1183 4725 ipsa
1228 4641 1561 4706 sentencia
1607 4660 1924 4723 expensas
1971 4638 2437 4722 augmentabit.
