3242 5184
1558 298 1983 360 „278-

499 477 686 542 cunie
732 498 1005 559 corpora
1049 476 1319 541 humata
1366 473 1662 539 effodere.
1749 473 1818 540 Si
1855 475 2000 558 quis
2039 479 2257 541 autem
2295 475 2540 540 decreti
2585 474 2778 540 huius
2825 480 3054 542 tenore

499 584 756 667 cognito
802 590 1064 664 temere,
1115 582 1289 665 quod
1336 564 1527 663 absit,
1577 582 1900 646 contraire
1946 583 2379 665 temptaverit,
2427 583 2690 648 honoris
2738 588 2805 648 et
2851 582 3050 667 officij

499 692 600 756 sui
665 670 1023 774 periculum
1085 690 1375 773 patiatur
1441 694 1556 753 aut
1630 690 2307 754 excommunicationis
2381 689 2629 754 ultione
2701 689 3053 772 plectatur,

181 802 297 855 Fol.
338 806 404 854 42
416 810 454 853 ⁸-
495 799 622 862 nisi
658 797 1207 881 presumptionem
1245 817 1429 860 suam
1468 795 1665 878 digna
1703 795 2145 861 satisfactione
2182 795 2200 885 Η
2228 797 2598 862 correxerit.
2656 796 2790 862 Eos
2831 803 3054 861 autem

496 906 837 970 dumtaxat
879 903 1073 968 huius
1120 903 1539 987 protectionis
1586 902 1871 985 presidio
1909 904 2204 969 volumus
2244 904 2644 985 communiri,
2694 904 2808 986 qui
2844 902 3054 968 nichil

497 1012 854 1077 machinari
884 1011 1398 1095 presumpserint
1427 1010 1495 1074 in
1535 1010 2019 1074 subversionem
2056 1009 2209 1076 fidei
2247 1011 2618 1075 christiane.
2665 1010 2841 1076 Nota
2877 1010 3055 1094 quod

495 1119 692 1183 nichil
741 1117 917 1183 aliud
965 1118 1228 1200 ponitur
1277 1138 1471 1200 quam
1522 1116 2032 1199 subscriptiones
2083 1108 2511 1183 cardinalium
2562 1123 2628 1182 et
2676 1117 2924 1182 datum.

763 1384 1053 1449 Abbati
1084 1383 1444 1466 Cistercij
1480 1390 1552 1448 et
1582 1384 1965 1448 universis
2006 1384 2521 1449 coabbatibus
2562 1386 2725 1449 suis
2758 1383 3052 1450 Cister-

853 1492 1137 1556 ciensis
1185 1490 1203 1579 Η
1250 1491 1611 1555 ordinis.l

673 1652 774 1716 Ex
812 1657 997 1735 parte
1033 1656 1251 1715 vestra
1286 1651 1472 1716 nobis
1513 1656 1613 1715 est
1650 1650 1872 1715 oblata
1909 1652 2193 1733 querela,
2234 1651 2427 1734 quod,
2476 1673 2623 1716 cum
2661 1654 3054 1717 auctoritate

498 1765 722 1825 nostra
779 1760 865 1823 sit
919 1758 1300 1838 inhibitum,
1368 1779 1448 1822 ne
1503 1758 1676 1821 ullus
1726 1758 2063 1840 episcopus
2111 1758 2212 1823 vel
2260 1759 2549 1841 quelibet
2595 1760 2725 1823 alia
2769 1780 3055 1843 persona

497 1866 861 1949 regularem
927 1864 1313 1930 eleccionem
1370 1864 1628 1929 abbatis
1686 1863 1928 1929 ordinis
1974 1866 2173 1929 vestri
2219 1864 2532 1948 impediat
2580 1871 2695 1929 aut
2739 1866 2819 1931 de
2866 1867 3054 1930 insti-

499 1973 737 2037 tuendo
783 1973 884 2037 vel
929 1971 1314 2037 removendo
1362 1994 1465 2053 eo,
1515 1973 1627 2053 qui
1674 1993 1788 2054 pro
1835 1977 2124 2055 tempore
2179 1970 2403 2054 fuerit,
2462 1978 2688 2038 contra
2749 1974 3059 2037 instituta

500 2079 944 2144 Cisterciensis
1000 2078 1244 2144 ordinis
1310 2100 1380 2144 se
1442 2063 1852 2160 aliquatenus
1920 2079 2341 2161 intromittat,
2407 2100 2484 2143 ac
2546 2079 2728 2144 vobis
2795 2102 2834 2144 a
2900 2080 3055 2144 sede

500 2186 859 2270 apostolica
890 2187 977 2249 sit
1011 2184 1357 2267 indultum,
1406 2191 1497 2267 ut,
1549 2186 1604 2250 si
1653 2185 2120 2269 archiepiscopi
2167 2186 2267 2250 vel
2314 2186 2619 2268 episcopi,
2667 2187 2735 2250 in
2776 2209 3054 2269 quorum

501 2292 759 2376 dyocesi
823 2292 1051 2358 domus
1117 2298 1327 2357 vestre
1383 2291 1650 2357 fundate
1707 2297 1884 2375 sunt,
1953 2314 2097 2357 cum
2152 2292 2518 2357 humilitate
2574 2315 2650 2357 ac
2714 2294 3057 2359 devotione

500 2400 722 2465 debita
758 2400 1055 2482 requisiti
1093 2400 1482 2465 substitutos
1520 2399 1793 2464 abbates
1834 2399 2214 2465 benedicere
2251 2399 2416 2465 forte
2453 2401 2806 2483 renuerint,
2856 2401 3058 2465 liceat

500 2507 744 2571 eisdem
792 2506 1139 2572 abbatibus
1188 2506 1270 2571 ab
1321 2505 1448 2572 alio
1496 2507 1798 2589 episcopo
1846 2507 2197 2589 percipere,
2246 2527 2371 2588 que
2419 2529 2460 2571 a
2506 2529 2622 2572 suo
2669 2506 2911 2571 fuerint
2955 2508 3054 2571 in-

502 2613 719 2678 debite
765 2613 1121 2695 denegata,
1188 2613 1453 2695 quidam
1501 2609 1970 2697 archiepiscopi
2017 2620 2081 2677 et
2128 2614 2450 2697 episcopi,
2510 2636 2656 2679 cum
2702 2615 2770 2678 in
2816 2615 3055 2678 vestris

500 2720 910 2802 monasterijs
949 2721 1015 2783 in
1053 2719 1326 2784 abbates
1364 2720 1567 2802 aliqui
1606 2720 1951 2802 eliguntur,
2001 2721 2080 2785 de
2117 2721 2307 2785 modo
2346 2721 2686 2786 eleccionis
2724 2721 3055 2804 inquirere

501 2849 578 2891 ac
610 2828 979 2891 examinare
1017 2847 1326 2909 personas
1375 2827 1455 2892 de
1502 2828 1655 2908 vita,
1703 2828 2075 2891 litteratura
2122 2833 2189 2892 et
2231 2827 2519 2893 moribus
2559 2835 2624 2892 et
2661 2827 3055 2893 eleccionem

501 2932 881 2998 confirmare
928 2933 1287 3016 predictam
1333 2955 1450 3017 pro
1499 2933 1743 2998 viribus
1801 2934 2173 3015 elaborant,
2243 2935 2528 3016 capitula
2575 2955 2833 3017 quoque
2880 2936 3053 3018 ipso-

501 3062 644 3104 rum
691 3040 950 3105 eosdem
997 3039 1122 3106 sibi
1168 3041 1532 3122 presentari
1578 3048 1861 3123 querunt
1906 3041 2145 3106 electos
2194 3046 2258 3105 et
2314 3041 2720 3124 approbandi
2767 3063 2878 3107 eos
2924 3042 3055 3105 sibi

502 3147 856 3229 usurpare2
887 3148 1184 3211 nituntur
1213 3151 1454 3211 temere
1486 3153 1897 3230 potestatem,
1932 3142 2387 3229 archidyaconi
2428 3149 2625 3213 etiam
2671 3148 3052 3213 installandi

503 3255 740 3318 electos
787 3254 962 3337 ipsos
1010 3254 1350 3319 vendicare
1399 3253 1523 3318 sibi
1568 3255 1669 3329 ius
1715 3255 2022 3320 iniuriose
2070 3253 2467 3319 contendunt
2513 3259 2739 3319 contra
2798 3254 3055 3319 indulta

503 3360 673 3424 sedis
713 3360 1064 3443 apostolice
1102 3362 1583 3443 presumptione
1621 3383 1751 3426 non
1787 3362 2043 3426 modica
2072 3359 2405 3425 veniendo.
2481 3360 2789 3426 Volentes
2826 3362 3054 3442 itaque

502 3467 706 3548 quieti
751 3472 963 3531 vestre
1010 3468 1345 3532 consulere
1392 3490 1468 3532 ao
1505 3469 1738 3532 vestris
1775 3467 2254 3549 gravaminibus
2292 3468 2359 3531 in
2395 3468 2518 3532 hac
2554 3473 2740 3550 parte
2777 3474 3055 3551 paterna

504 3573 911 3638 solicitudine
955 3573 1323 3656 providere,
1382 3595 1462 3639 ne
1509 3575 1671 3641 talia
1717 3580 2177 3657 presumantur
2221 3573 2301 3639 de
2349 3580 2564 3638 cetero
2613 3580 2679 3638 et
2713 3595 2794 3639 ne
2834 3574 2916 3639 ab
2953 3575 3052 3638 in-

503 3680 844 3746 stituendis
910 3681 1010 3765 vel
1071 3681 1388 3745 institutis
1455 3681 1804 3746 abbatibus
1878 3680 2352 3746 benediccionis
2426 3686 2728 3764 pretextu
2804 3681 3052 3763 aliquid

501 3788 758 3870 penitus
805 3788 1136 3868 exigatur,
1195 3789 1581 3852 auctoritate
1637 3789 1930 3870 predicta
1975 3788 2330 3851 districtius
2379 3786 2773 3869 inhibenteS,
2823 3788 3053 3853 eadem

504 3894 890 3960 auctoritate
938 3893 1389 3958 nichilominus
1437 3894 1885 3977 decernenteS,
1947 3900 2047 3975 ut,
2098 3895 2152 3958 si
2210 3900 2435 3958 contra
2479 3893 2838 3976 predictam
2886 3895 3052 3958 inhi-

502 4001 813 4066 bitionem
865 4005 1154 4064 nostram
1201 4023 1240 4064 a
1278 4021 1605 4082 quoquam
1643 4000 1840 4066 fuerit
1875 4002 2139 4084 propria
2174 4002 2542 4066 temeritate
2579 4007 3049 4084 presumptum,

504 4109 590 4171 sit
619 4108 871 4171 irritum
904 4113 970 4172 et
1007 4109 1217 4188 inane,
1267 4114 1333 4171 et
1379 4109 1432 4171 si
1479 4108 1695 4190 alique
1735 4108 2052 4173 sententie
2089 4108 2223 4172 late
2261 4106 2519 4188 fuerint,
2567 4107 2814 4171 nullum
2853 4107 3054 4172 robur

504 4214 842 4278 obtineant
871 4212 1215 4278 firmitatis.
1274 4213 1449 4278 Nulli
1489 4234 1641 4295 ergo
1681 4221 1800 4279 etc.
1842 4214 2252 4279 inhibicionis
2293 4220 2359 4279 et
2397 4215 2884 4279 constitucionis
2925 4222 3050 4279 etc.

682 4481 700 4512 ¹
739 4482 944 4535 ordinis
990 4498 1183 4551 wegen
1220 4482 1440 4550 Mangel
1489 4499 1561 4535 an
1598 4481 1779 4535 Raum
1827 4499 1899 4536 an
1937 4483 2036 4535 das
2073 4481 2463 4537 besehriebene
2499 4481 2657 4535 Ende
2695 4482 2793 4536 dei·
2830 4480 3052 4537 vorher-

503 4571 790 4638 gehenden
829 4570 976 4624 Zeile
1013 4576 1234 4640 gesetzt.
1400 4570 1420 4601 2
1457 4569 1565 4622 Am
1603 4570 1798 4625 Raude
1836 4570 2259 4641 nachgetragen,
2298 4573 2401 4627 wie
2439 4589 2496 4625 es
2533 4570 2747 4625 scheint
2782 4589 2892 4626 von
2930 4571 3050 4625 der-

505 4660 697 4713 selben
735 4659 916 4713 Hand.
992 4659 1224 4714 Zeichen
1261 4659 1401 4712 uach
1440 4659 1543 4712 sibi
1582 4660 1694 4711 und
1733 4677 1821 4713 am
1859 4659 2067 4713 Raude.
