3242 5184
1249 237 1740 299 —207-

394 418 419 497 ΙΙ
442 414 632 478 Α11116
652 410 1196 478 MocccoLXXX
1228 411 1331 476 die
1349 411 1433 476 X.
1459 410 1759 476 Octobris
1790 411 2205 495 pontificatus
2253 415 2498 479 domini
2517 412 2766 479 Urbani
2823 414 3118 470 Fol.111·.

200 543 378 604 pape
417 518 532 585 VI.
584 542 752 584 anno
799 521 1000 584 tercio
1046 518 1438 601 infrascripti
1484 519 1807 584 iurarunt:

200 627 582 693 Bertolinus
616 626 694 692 de
722 626 1069 692 Placencia
1097 627 1353 690 iuravit.

200 734 535 798 Iohannes
583 733 662 799 de
709 733 1056 798 Placencia
1100 734 1352 797 iuravit.

199 841 533 906 Henricus
566 840 643 905 de
664 840 1071 906 Monteleone
1102 841 1354 904 iuravit.

199 947 534 1013 Iohannes
579 947 973 1013 Kruczwilre
1018 948 1273 1012 iuravit.

201 1055 545 1121 Conradus
556 1054 636 1119 de
647 1053 1163 1119 Frankenfordia
1180 1055 1433 1118 iuravit.

201 1163 445 1227 Petrus
492 1160 829 1226 Dankardi
873 1162 1130 1226 iuravit.

199 1270 624 1335 Hermannus
671 1268 943 1332 Arwilre
987 1269 1243 1332 iuravit.

199 1376 515 1442 Nicolaus
563 1374 949 1458 Flechtingh
993 1376 1246 1439 iuravit.

202 1484 432 1549 Bellus
481 1481 561 1547 de
607 1481 909 1565 Anagnia
954 1483 1209 1546 iuravit.

202 1591 556 1655 Bertoldus
604 1589 685 1654 (16
729 1588 1006 1654 Isenake
1052 1589 1307 1653 iuravit.

204 1697 603 1762 Cristoforus
661 1696 739 1761 de
787 1696 1133 1761 Placencia
1177 1697 1431 1760 iuravit.

205 1803 601 1868 Franciscus
648 1802 870 1869 Welcz
917 1804 1172 1868 iuravit.

207 1909 536 1974 Iohannes
583 1910 663 1975 de
702 1910 1041 1994 Bredeney
1087 1910 1341 1974 iuravit.

204 2016 513 2081 Nicolaus
560 2017 826 2082 Martini
873 2018 1126 2081 iuravit.

205 2122 528 2188 Ricardus
575 2122 1119 2207 Wynchtromulr.

206 2231 537 2295 Avezutus
586 2231 664 2296 de
710 2230 938 2296 Padua
981 2230 1233 2294 iuravit.

205 2337 451 2401 Paulus
498 2337 579 2401 de
626 2338 897 2402 Ancona
939 2337 1191 2401 iuravit.

205 2443 399 2526 Hugo
446 2443 646 2509 Prees
690 2445 944 2508 iuravit.

207 2549 531 2615 Iohannes
581 2551 660 2616 de
708 2551 1021 2617 Gatzkow
1065 2551 1320 2616 iuravit.

208 2655 530 2722 Iohannes
579 2657 658 2723 (16
704 2657 921 2723 Berka
965 2659 1218 2722 iuravit.

211 2762 527 2847 Georgius
575 2765 655 2831 de
699 2764 980 2849 Legnicz
1027 2766 1279 2829 iuravit.

209 2870 483 2937 Iacobus
529 2871 777 2957 Repest
821 2874 1074 2938 iuravit.

210 2977 529 3043 Antonius
578 2979 657 3045 (16
702 2980 943 3045 Parma
987 2979 1239 3043 iuravit.

210 3083 526 3150 Ricardus
571 3086 943 3169 Draytanus
988 3086 1242 3151 iuravit.

211 3192 529 3257 Iohannes
562 3192 642 3258 de
672 3192 1047 3277 Reynichen
1076 3194 1330 3257 iuravit.

211 3298 473 3382 Doynus
522 3299 600 3364 de
645 3299 868 3365 Remis
916 3301 1170 3364 iuravit.

213 3403 528 3470 Antonius
577 3405 656 3470 (16
690 3405 1067 3490 Sysmundis
1108 3407 1188 3471 de
1219 3406 1428 3471 Ponte

296 3513 548 3577 iuravit.

198 3604 440 3683 ⁴Petrus
487 3619 568 3683 de
612 3619 824 3685 Bosco
873 3621 1110 3685 iuravit
1156 3619 1430 3685 offitium

299 3727 629 3809 scriptoris
677 3728 780 3792 die
827 3726 984 3792 XII.
1018 3728 1258 3791 mensis
1308 3727 1428 3793 Oc-

297 3832 519 3897 tobris.

215 3939 531 4004 Robertus
562 3939 818 4031 Wetter
862 3946 1158 4023 receptus
1204 3940 1328 4005 fuit
1361 3943 1429 4004 in

299 4045 808 4113 abbreviatorem
828 4055 892 4113 et
909 4049 1144 4112 iuravit
1154 4046 1429 4115 offitium

299 4153 398 4218 die
443 4152 528 4218 X.
576 4154 730 4237 Maij
773 4177 941 4220 anno
987 4176 1176 4219 non0.

219 4259 607 4325 Ricchardus
619 4260 698 4326 de
708 4260 988 4326 Holmen
997 4283 1066 4326 re
1072 4266 1295 4343 ceptus
1306 4259 1430 4324 fuit

298 4368 362 4430 in
451 4367 967 4434 abbreviatorem
1049 4374 1115 4433 et
1192 4368 1428 4432 iuravit

298 4472 568 4539 offitium
599 4475 703 4541 die
733 4473 884 4540 VII.
925 4475 1207 4558 Augusti
1254 4474 1424 4539 dicto

302 4602 481 4646 anno,

1544 625 1868 692 Iohannes
1912 627 2289 710 Frauncei8‚
2348 629 2623 711 scriptor
2667 628 2768 693 lit-

1634 740 1918 799 terarum
1931 735 2451 818 apostolicarum,
2472 741 2768 817 receptus

1634 840 1758 905 fuit
1786 842 1853 906 in
1887 841 2402 908 abbreviatorem
2434 848 2501 907 et
2534 842 2776 925 iuravit

1635 948 1909 1014 offitium
1954 948 2160 1016 VIII0
2206 950 2309 1014 (116
2356 950 2597 1015 mensis
2647 949 2768 1015 Oc·

1634 1056 1838 1120 tobris
1887 1056 2061 1121 dicto
2109 1078 2297 1121 anno.

1543 1163 1735 1227 Anno
1798 1161 2420 1229 M0OCC0LXXXV.
2479 1163 2584 1226 die
2645 1161 2766 1227 XI.

1633 1268 1972 1353 Februarij
2022 1271 2259 1334 iuravit
2303 1269 2598 1334 dominus
2639 1269 2766 1333 Tu·

1635 1375 1838 1441 ribius
1918 1376 2161 1441 electus
2226 1376 2546 1441 Tudensis
2628 1374 2765 1441 offi-

1634 1484 1801 1547 cium
1883 1483 2377 1548 locumtenentis
2455 1483 2766 1549 auditoris

1633 1590 1957 1655 audientie
2006 1591 2568 1655 contradictarum.

1541 1694 1864 1760 Henricus
1903 1696 2165 1763 Wrisak
2211 1699 2447 1761 iuravit
2493 1696 2767 1762 offitium

1632 1803 2068 1885 procuratoris
2133 1803 2458 1867 audientie
2514 1811 2765 1869 contra-

1632 1908 2762 1995 dictarumdieIH.mensisIanuarij.

1540 2015 1925 2081 Wilhelmus
1957 2016 2311 2082 Zuermont
2345 2018 2581 2082 iuravit
2626 2017 2764 2083 offi-

1630 2124 1791 2186 tium
1839 2124 2168 2205 scriptoris
2218 2123 2320 2189 die
2351 2123 2493 2188 ΙΠει
2524 2127 2763 2190 mensis

1629 2229 1870 2313 Martij.
2455 2284 2462 2291 .

1539 2335 1862 2402 Iohannes
1897 2337 1975 2402 de
1996 2338 2338 2423 Angladijs
2370 2340 2607 2403 iuravit
2626 2338 2762 2403 offi-

1628 2446 1790 2509 tium
1818 2445 2149 2527 scriptoris
2171 2443 2508 2512 XXVIII*
2526 2447 2764 2510 mensis

1628 2549 1936 2634 Ianuarij.

1537 2657 1815 2722 Iacobus
1836 2657 1915 2722 de
1936 2656 2191 2722 Torano
2222 2660 2460 2723 iuravit
2490 2659 2763 2724 offitium

1630 2764 2098 2830 abbreviatoris
2177 2764 2280 2830 (116
2354 2764 2446 2829 X⁸
2523 2768 2761 2831 mensis

1628 2872 1869 2956 Martij.

1537 2979 1861 3044 Iohannes
1936 2978 2078 3044 Wit
2152 2978 2231 3044 de
2303 2978 2463 3044 Delf
2527 2981 2763 3044 iuravit

1629 3085 1903 3151 offitium
1970 3086 2300 3169 scriptoris
2366 3087 2469 3151 die
2524 3085 2762 3150 ΧΧΙΙει

1630 3195 1869 3258 mensis
1934 3194 2176 3277 Martij.
2278 3193 2367 3256 Et
2430 3192 2763 3257 mandavit

1628 3300 1924 3364 dominus
1957 3306 2196 3382 noster,
2230 3299 2403 3382 quod
2434 3300 2573 3382 ipse
2606 3300 2758 3362 scri-

1627 3407 1811 3471 beret
1854 3406 1994 3470 loco
2040 3405 2321 3488 Walasi‚
2373 3405 2575 3471 donec
2621 3407 2759 3489 ipse

1626 3513 1885 3578 rediret.

1537 3619 1759 3685 Bellus
1808 3619 1888 3684 de
1934 3619 2160 3683 Insula
2203 3619 2441 3684 iuravit
2485 3618 2756 3683 offitium

1628 3726 2098 3791 abbreviatoris
2199 3725 2302 3790 die
2402 3725 2757 3809 penultimo

1626 3834 1863 3897 mensis
1910 3833 2205 3915 predicti.

1537 3938 1869 4005 Gerardus
1916 3937 2143 4005 Weert
2194 3939 2433 4004 iuravit
2485 3938 2759 4003 offitium

1627 4047 1960 4130 scriptoris
1995 4046 2097 4111 die
2129 4046 2271 4111 ΙΠει
2301 4047 2540 4111 mensis
2577 4046 2754 4129 Maij.

1534 4153 1951 4218 Reverendus
1997 4154 2066 4217 in
2113 4151 2369 4218 Christo
2414 4158 2602 4235 pater
2647 4152 2756 4215 do-

1623 4262 1836 4324 minus
1952 4258 2156 4324 frater
2260 4258 2756 4323 Bartholomeus

1623 4366 2144 4450 archiepiscopus
2166 4364 2490 4431 Cretensis
2522 4366 2758 4429 iuravit

1622 4472 1896 4538 offitium
1952 4472 2279 4538 audientie
2326 4471 2754 4537 contradicta-

1619 4602 1764 4645 rum
1819 4580 1923 4644 die
1976 4578 2228 4645 XVIII.
2279 4581 2518 4644 mensis
2575 4579 2752 4661 Maij.

3193 694 3196 707 !

3193 712 3196 727 i
