3242 5184
180 1373 294 1427 Fol.
337 1378 403 1426 95
415 1381 453 1426 ³.

1521 232 2010 294 -182—

670 409 770 473 De
809 409 1043 473 unione
1075 415 1294 473 autem
1336 408 1755 473 ecclesiarum
1786 428 1993 490 usque
2040 406 2124 471 ad
2171 407 2397 489 viginti
2429 405 2836 472 Turonenses
2883 406 3037 471 reci-

492 538 645 601 pere
690 516 952 581 valeant
998 522 1063 581 et
1107 538 1234 579 non
1282 515 1470 580 ultra.

672 622 860 706 Quod
891 623 1231 706 episcopus
1264 622 1362 687 vel
1396 622 1600 688 abbas
1638 621 1985 687 inducatur
2029 624 2094 685 in
2126 622 2601 704 possessionem
2634 623 3041 711 episcopatus

492 731 592 796 vel
636 730 1010 813 monasterij
1060 752 1205 795 cum
1247 729 1537 794 clausula
1585 728 1979 811 ‚,Invocato“
2025 729 2126 793 vel
2170 730 2329 810 sine,
2376 728 2548 793 ultra
2579 728 2805 811 viginti
2844 727 3039 792 Turo-

492 859 723 902 nenses
769 838 1056 920 recipere
1102 859 1231 900 11011
1277 842 1672 920 presumant.

671 944 770 1009 De
817 942 1030 1008 dando
1090 943 1566 1009 coadiutorem1
1614 945 1917 1027 episcopo
1973 944 2075 1007 vel
2130 942 2237 1026 alij
2297 942 2548 1025 prelato
2595 942 2767 1007 ultra
2822 942 3043 1024 viginti

492 1051 899 1117 Turonenses
945 1072 1074 1114 non
1118 1052 1452 1134 recipiant.

669 1158 770 1224 De
802 1157 1168 1242 recipiendo
1199 1158 1701 1239 resignationem
1733 1163 1799 1222 et
1829 1157 2215 1222 conferendo
2247 1156 2564 1222 beneficia
2590 1157 2928 1240 resignata
2954 1155 3043 1219 in-

495 1266 687 1330 simul
731 1266 958 1348 viginti
1004 1264 1412 1330 Turonenses
1459 1263 1700 1330 habere
1747 1264 2008 1329 valeant
2054 1270 2119 1329 et
2164 1287 2292 1328 non
2338 1264 2529 1329 ultra.

674 1372 853 1456 nDe2
883 1373 1181 1455 paciente
1214 1371 1536 1437 defectum
1568 1370 1905 1452 natalium,
1927 1370 2100 1453 quod
2133 1371 2283 1453 eligi
2313 1371 2522 1454 possit
2551 1372 2620 1434 in
2652 1370 3041 1453 episcopum,

493 1478 801 1543 abbatem
834 1479 932 1544 vel
972 1478 1394 1559 abbatissam,
1431 1478 1729 1543 similiter
1759 1478 1988 1560 viginti
2009 1478 2420 1544 Turonenses
2453 1478 2739 1561 recipere
2771 1479 3041 1560 possint.

666 1586 771 1650 De
828 1585 1118 1650 subsidio
1177 1583 1512 1650 moderato
1569 1607 1714 1673 cum
1772 1585 2147 1650 executoria
2209 1584 2309 1650 vel
2366 1586 2505 1650 sine
2561 1568 2789 1667 viginti
2849 1582 3043 1649 Turo-

494 1714 726 1758 nenses
773 1692 1132 1757 dumtaxat.

670 1799 771 1864 De
817 1804 1039 1865 mutuo
1086 1798 1527 1865 contrahendo
1574 1799 1855 1865 sedecim
1900 1799 2311 1865 Turonenses
2359 1804 2425 1864 et
2469 1821 2599 1864 non
2644 1799 2841 1864 ultra.

671 1907 770 1972 De
817 1906 1189 1972 executoria
1235 1928 1431 1989 super
1475 1913 1703 1972 mutuo
1750 1907 2189 1973 contrahendo
2236 1906 2467 1989 viginti
2513 1905 2950 1971 Turonenses.

670 2013 771 2078 De
817 2013 1025 2079 forma
1071 2014 1393 2078 communi
1439 2035 1800 2097 pauperum
1849 2015 2010 2081 (11100
2057 2013 2467 2079 Τ111011011000
2514 2012 2877 2078 dumtaxat.

669 2120 760 2184 Et
813 2120 892 2186 de
947 2118 1310 2186 mutatione
1365 2120 1784 2186 collationum
1840 2120 2159 2187 dictorum
2206 2141 2565 2204 pauperum
2613 2120 2714 2185 vel
2761 2119 3043 2184 iudicum

492 2248 638 2291 cum
685 2229 1059 2294 narratione
1106 2234 1403 2310 quatuor.
1431 2226 1843 2294 Turonenses
1891 2234 1957 2293 et
2001 2250 2129 2293 non
2175 2227 2368 2294 ultra.

670 2333 1060 2417 Prescriptis
1108 2340 1328 2400 autem
1375 2334 1816 2400 taxationibus
1865 2334 2351 2402 abbreviatores
2399 2340 2860 2400 contententur
2906 2355 3042 2418 pre-

491 2441 638 2523 fati,
707 2442 839 2506 sive
894 2464 1012 2524 pro
1068 2464 1201 2507 una
1257 2444 1390 2507 sive
1446 2465 1563 2526 pro
1620 2441 1918 2525 pluribus
1965 2443 2260 2525 personis
2308 2440 2478 2507 facte
2525 2441 2770 2520 fuerint
2815 2442 3039 2523 gratie.

490 2547 580 2612 Et
624 2548 743 2613 hec
791 2548 1017 2613 eadem
1064 2549 1313 2615 taxatio
1362 2548 1441 2614 de
1489 2550 1636 2633 alijs
1683 2549 1935 2630 formis,
1992 2551 2061 2612 in
2117 2548 2353 2631 quibus
2410 2549 2617 2614 maior
2677 2549 2868 2616 labor
2921 2570 3042 2613 non

491 2654 707 2737 fuerit,
754 2655 1151 2721 observetur.

670 2759 739 2827 Si
771 2784 922 2829 vero
954 2763 1163 2828 maior
1208 2763 1395 2829 labor
1440 2763 1638 2828 fuerit
1683 2763 1784 2828 vel
1831 2764 1897 2826 in
1944 2763 2413 2845 prenominatis
2462 2784 2576 2828 seu
2623 2763 2774 2847 alijs
2824 2763 3041 2829 formis

493 2868 790 2951 superius
865 2892 992 2935 non
1067 2872 1390 2953 expressis
1456 2870 1674 2953 alique
1742 2869 2032 2935 clausule
2099 2870 2200 2934 vel
2266 2870 2676 2936 narrationes
2744 2871 3041 2935 intricate

491 2975 733 3039 fuerint
780 2982 844 3041 et
888 2977 1315 3059 impetrantes
1362 3000 1490 3043 non
1538 2977 1790 3061 possint
1827 2999 1974 3042 cum
2021 2976 2583 3043 abbreviatoribus
2630 2978 3040 3054 concordare,

489 3089 796 3147 taxentur
859 3090 1012 3149 note
1076 3105 1192 3167 per
1246 3091 1494 3149 certum
1551 3084 2070 3149 abbreviatorem
2124 3105 2243 3167 per
2295 3083 2899 3150 vicecancellarium
2963 3083 3040 3149 ad

491 3198 740 3254 certum
773 3196 1029 3274 tempus
1063 3191 1526 3274 deputandum.
1592 3191 1659 3257 Si
1691 3202 1841 3256 vero
1873 3191 1941 3254 in
1973 3190 2285 3273 predictis
2316 3192 2540 3257 formis
2573 3191 3040 3256 abbreviatoris

491 3295 683 3380 culpa
726 3297 943 3362 littere
990 3298 1231 3366 fuerint
1274 3297 1708 3380 rescribende,
1758 3303 1983 3381 utpote
2015 3298 2171 3380 quia
2202 3298 2495 3363 amiserit
2525 3298 2852 3364 clausulas
2900 3320 3038 3365 con-

491 3408 710 3468 suetas
744 3405 845 3469 vel
877 3405 1066 3469 datas
1099 3405 1354 3488 regulas
1404 3411 1523 3470 etc.
1558 3428 1688 3471 non
1736 3406 2108 3487 servaverit,
2158 3405 2457 3488 expensis
2505 3405 2660 3470 dicti
2707 3406 3037 3471 abbrevia-

488 3510 649 3576 toris
696 3511 913 3576 littere
960 3511 1328 3579 huiusmodi
1375 3512 1838 3577 rescribantur.
1933 3511 2100 3577 Item
2157 3511 2330 3594 quod
2387 3512 2874 3578 abbreviatores
2921 3513 3039 3596 ipsi

489 3623 627 3683 tam
656 3618 1024 3683 litterarum
1055 3619 1311 3684 iusticie
1344 3641 1540 3702 quam
1579 3618 1857 3684 aliarum
1888 3619 1972 3684 ab
2005 3619 2506 3703 impetrantibus
2537 3641 2655 3702 pro
2684 3619 3038 3703 scriptura3

488 3724 590 3790 vel
622 3725 784 3792 alias
815 3725 1015 3790 nichil
1047 3726 1324 3809 amplius
1358 3748 1553 3809 quam
1585 3727 1958 3792 taxaciones
1990 3727 2309 3810 recipiant
2327 3726 2748 3810 subscriptas.
2800 3725 3035 3810 Quodsi

490 3832 887 3897 contrarium
932 3832 1232 3915 fecerint,
1291 3833 1558 3919 duplum
1603 3835 1946 3899 restituere
1991 3839 2337 3900 teneantur
2383 3841 2449 3899 et
2493 3833 2668 3899 ultra
2710 3835 2833 3900 1100
2880 3834 3033 3898 01110-

491 3939 638 4004 dem
675 3940 1184 4025 vicecancellarii
1235 3940 1504 4007 arbitrio
1552 3942 1922 4025 puniantur.

757 4118 1118 4184 Rubrica.
1213 4118 1528 4185 Statuta
1576 4126 1651 4184 et
1697 4120 2233 4186 ordinationes
2284 4122 2770 4205 scriptorum.

667 4241 830 4308 Post
885 4244 1335 4309 formationem
1392 4245 1613 4327 itaque
1670 4250 1972 4309 notarum
2019 4226 2298 4328 gratiam
2346 4246 2446 4309 vel
2492 4246 2848 4310 iustitiam4
2892 4265 3024 4307 con-

490 4335 836 4415 tinentium
885 4351 1128 4433 eisque,
1177 4356 1251 4415 ut
1298 4351 1492 4417 debet
1539 4373 1615 4416 ac
1664 4351 1851 4416 decet
1881 4351 2041 4433 fieri,
2090 4353 2454 4436 preparatis
2489 4373 2884 4434 consequens
2916 4355 3022 4429 est,

678 4504 697 4537 ²
728 4510 962 4566 Hdschr.
1000 4513 1391 4568 coauditorem.
1588 4512 1609 4544 ²
1646 4501 1801 4568 Uber
1850 4514 1947 4567 der
1984 4513 2131 4568 Seite
2167 4533 2275 4570 von
2321 4514 2554 4568 anderer
2589 4513 2780 4568 Hand:
2833 4516 3025 4567 statuta

493 4602 833 4657 cancellarie.
982 4603 1002 4631 ³
1041 4601 1274 4657 Hdschr.
1313 4604 1680 4689 proscriptum
1718 4603 1802 4673 [ej.
1948 4602 1969 4635 4
2007 4602 2132 4659 Von
2169 4605 2402 4660 anderer
2435 4604 2603 4661 Haud
2639 4623 2739 4662 aus
2773 4603 3021 4660 notitiam.
