3242 5184
1313 302 1759 367 -91—

236 502 360 546 nos
410 486 478 544 et
506 479 870 546 Romanam
902 481 1242 548 ecclesiam
1290 482 1532 548 habere
1578 487 1952 551 noscuntur.
2045 479 2208 549 Inde
2255 486 2356 546 est
2399 479 2572 563 quod
2619 479 2804 545 vobis

237 608 360 671 per
425 587 787 671 apostolica
849 591 1094 672 scripta
1154 570 1572 673 precipiendo
1636 588 2041 669 mandamus,
2108 589 2414 671 quatinus
2488 588 2806 653 universis

239 694 691 778 parrochianis
723 697 954 761 vestris
986 696 1111 761 sub
1140 698 1668 763 interminatione
1700 696 2136 762 anathematis
2162 695 2514 779 ‚prohibere
2545 696 2804 775 curetis,

239 823 324 867 ne
381 825 424 866 a
475 802 744 885 prefatis
798 802 1111 869 fratribus
1167 804 1268 869 vel
1324 826 1546 870 eorum
1601 803 1976 870 hominibus
2024 803 2104 869 de
2158 802 2568 883 victualibuS,
2613 804 2804 867 vesti-

241 910 500 990 mentis,
556 909 913 991 pecudibus
969 932 1084 976 seu
1140 911 1220 976 de
1268 911 1415 996 alijs
1460 912 1658 977 rebus
1704 910 2055 978 eorundem
2102 911 2376 976 fratrum
2422 910 2649 975 usibus
2698 909 2805 977 dee

240 1017 492 1099 putatis
537 1015 904 1099 pedagium,
960 1017 1257 1100 vendam,
1304 1021 1702 1103 passagium,
1751 1021 2129 1103 caucagium
2177 1039 2293 1083 seu
2339 1017 2535 1083 aliam
2581 1038 2806 1099 quam·

239 1123 406 1188 libet
435 1124 961 1189 constitutionem
978 1124 1001 1163 ¹
1033 1126 1288 1208 exigere
1322 1125 1421 1190 vel
1452 1133 1836 1209 extorquere
1866 1130 2263 1209 presumant.
2336 1124 2405 1190 Si
2443 1124 2557 1207 qui
2588 1130 2806 1189 autem

241 1235 476 1296 contra
519 1230 1024 1313 prohibitionem
1070 1240 1361 1298 nostram
1407 1235 1627 1298 venire
1674 1234 2209 1318 presumpserint,
2258 1253 2368 1297 eos
2400 1255 2441 1297 a
2470 1253 2804 1315 presump-

240 1339 419 1403 tione
465 1359 587 1402 sua
631 1341 984 1406 monitione
1030 1340 1416 1424 precedente
1462 1364 1593 1407 non
1624 1341 1940 1406 differatis
1972 1362 2090 1424 per
2121 1340 2803 1407 excommunicationis

240 1447 633 1510 sententiam
665 1445 1005 1512 cohercere
1037 1454 1103 1512 et
1131 1449 1198 1513 in
1229 1450 1421 1513 terris
1453 1471 1696 1530 eorum,
1747 1429 1801 1514 si
1833 1470 1996 1531 quas
2027 1447 2291 1527 habent,
2340 1448 2557 1512 omnia
2582 1445 2808 1511 divina

237 1558 464 1635 preter
517 1551 879 1639 baplfftisma
933 1554 1350 1638 parvulorum
1397 1562 1464 1621 et
1499 1558 1893 1639 penitentias
1931 1555 2343 1620 morientium
2374 1552 2797 1636 prohibeati·s,

238 1659 682 1743 appellatione
735 1668 1007 1743 remota,
1064 1661 1271 1728 offitia
1326 1663 1662 1729 celebrari.
1755 1663 1860 1729 Ad
1915 1663 2035 1728 hec
2082 1663 2257 1745 quia,
2319 1662 2488 1726 sicut
2531 1661 2805 1744 predicti

239 1766 480 1831 fratres
528 1774 850 1850 asserunt,
896 1769 1164 1851 quidam
1210 1770 1558 1853 presbiteri
1605 1777 1672 1836 et
1702 1770 1811 1854 alij
1849 1771 2067 1835 clerici
2099 1775 2311 1834 vestre
2342 1767 2806 1834 iurisdictionis

239 1876 308 1939 in
357 1874 653 1957 ecclesijs
700 1875 850 1957 ill-is,
899 1897 1025 1958 que
1070 1898 1190 1960 pro
1224 1877 1595 1943 excessibus
1642 1881 1709 1943 in
1757 1877 2019 1944 domum
2050 1876 2486 1963 predictorum
2533 1875 2807 1945 fratrum

240 1983 607 2047 commissis
654 1982 775 2047 sub
822 1984 1164 2049 interdicto
1210 1989 1529 2066 tenentur,
1586 1986 1806 2050 divina
1851 1984 2181 2049 celebrare
2225 1988 2626 2067 presumunt,
2673 2005 2805 2065 eos,

240 2091 296 2154 si
354 2110 463 2153 res
520 2091 615 2153 ita
671 2111 739 2153 se
785 2089 1013 2172 habet,
1080 2114 1121 2156 a
1167 2112 1281 2156 sue
1335 2093 1840 2175 presumptionis
1888 2090 2156 2156 audatia
2201 2112 2319 2175 per
2364 2089 2807 2177 suspensionis

238 2202 309 2260 et
341 2198 1026 2264 excommunicationis
1049 2201 1455 2281 sententiam,
1489 2199 1925 2284 appellatione
1944 2199 2325 2282 postposita,
2358 2198 2804 2281 compescatis.

516 2411 887 2478 Eisdem2.

423 2554 494 2620 Si
543 2554 887 2638 diligenter
942 2556 1306 2639 attenditiS,
1355 2565 1603 2641 quanta
1650 2557 1904 2623 dilectis
1951 2557 2102 2640 filijs
2149 2555 2458 2622 fratribus
2505 2553 2804 2620 Ierosoli-

240 2662 473 2726 mitani
538 2661 879 2745 hospitalis
944 2666 1308 2729 reverentia
1372 2664 1718 2747 debeatur,
1785 2686 2138 2747 numquam
2203 2662 2330 2746 hijs
2395 2661 2807 2727 inveniemini

239 2790 475 2852 graves
522 2770 799 2834 existere
846 2770 947 2835 vel
994 2771 1271 2853 molesti,
1320 2774 1430 2854 qui
1472 2772 1933 2838 sustentationi
1969 2777 2036 2836 et
2072 2769 2408 2852 refrigerio
2447 2790 2807 2852 pauperum

242 2877 359 2960 pia
404 2876 764 2941 noscuntur
808 2877 1217 2944 solicitudine
1263 2880 1636 2962 mancipati.
1716 2877 2038 2961 Quoniam
2083 2877 2283 2960 igitur
2327 2875 2527 2961 ijdem
2572 2876 2807 2941 fratres

241 2983 328 3048 ad
375 2982 499 3048 hoc
544 2984 990 3067 principaliter
1036 2986 1407 3068 elaborant,
1464 2993 1539 3051 ut
1584 3008 1654 3051 se
1698 2986 1948 3070 pariter
1994 2991 2061 3050 et
2105 2985 2355 3065 omnia,
2414 3005 2540 3066 que
2587 2984 2805 3065 acqui-

239 3097 419 3172 runt,
486 3089 733 3165 devotis
789 3091 1120 3176 obsequijs
1178 3115 1539 3176 pauperum
1594 3093 1884 3176 undique
1939 3090 2399 3158 confluentium
2467 3089 2809 3173 diligenter

238 3197 645 3281 impendant,
678 3199 1166 3265 universitatem
1198 3207 1481 3266 vestram
1513 3222 1849 3266 monemus
1883 3200 2195 3266 attentius
2230 3204 2297 3263 et
2313 3219 2430 3281 per
2448 3199 2809 3282 apostolica

242 3305 494 3388 scripta
547 3305 937 3389 precipimus
995 3313 1061 3371 et
1113 3307 1532 3391 mandamus,
1579 3310 1888 3390 quatinus
1936 3307 2020 3373 ab
2068 3328 2291 3371 eorum
2322 3305 2807 3389 gravaminibus

242 3411 647 3477 abstinentes
704 3412 789 3478 ad
848 3414 1109 3495 solatia,
1167 3436 1293 3496 que
1350 3414 1432 3480 ad
1486 3436 1846 3498 pauperum
1894 3413 2398 3480 consolationem
2446 3414 2805 3495 requirunt,

243 3524 532 3585 vestram
585 3520 801 3603 potius
858 3540 1079 3586 curam
1146 3527 1212 3586 et
1266 3522 1739 3601 solicitudinem
1796 3521 2185 3587 convertatis
2243 3527 2310 3586 et
2352 3521 2420 3585 in
2466 3519 2614 3603 hijs,
2682 3540 2808 3610 que

245 3627 467 3692 domui
521 3626 863 3712 hospitalis
923 3627 1005 3693 ab
1063 3628 1391 3711 aliquibus
1446 3628 1746 3694 fidelibus
1786 3631 1971 3711 ¹sanis
2018 3629 2119 3693 vel
2167 3627 2611 3715 egrotantibus
2659 3648 2806 3692 con-

242 3733 562 3815 feruntur,
629 3735 762 3799 sive
827 3734 1281 3801 convalescant
1345 3737 1479 3802 sive
1540 3736 1716 3819 apud
1781 3735 1945 3802 alios
2011 3736 2330 3818 recipiant
2385 3733 2806 3818 sepulturam,

244 3840 449 3907 nichil
503 3840 685 3906 vobis
741 3842 809 3906 in
872 3842 1078 3925 ipsius
1134 3842 1475 3926 hospitalis
1533 3843 1964 3927 preiudicium
2020 3842 2392 3908 vendicetis,
2483 3840 2613 3906 Pro
2660 3862 2807 3923 par-

242 3947 572 4016 rochianis
605 3955 823 4015 autem
853 3949 1107 4030 vestriS,
1155 3950 1269 4031 qui
1300 3949 1599 4015 videlicet
1645 3949 1730 4015 ad
1762 3957 2051 4016 extrema
2082 3949 2343 4015 deducti
2373 3949 2441 4013 in
2474 3948 2809 4031 cimiterijs

243 4054 587 4137 hospitalis
663 4055 976 4138 elegerint
1051 4055 1350 4139 sepeliri,
1430 4057 1599 4122 sicut
1663 4080 1704 4122 a
1765 4057 1971 4122 felicis
2045 4056 2356 4123 memorie
2430 4055 2809 4143 Innocentio

243 4161 511 4246 papa³,.
559 4163 1020 4245 predecessore
1092 4171 1349 4246 nostro,
1413 4164 1705 4230 noscitur
1767 4165 2138 4230 institutum
2162 4215 2177 4246 ‚
2257 4169 2495 4247 quarta
2552 4169 2809 4251 tantum

244 4268 669 4351 oblationum,
717 4269 1005 4339 locorum
1052 4277 1118 4335 et
1162 4271 1464 4353 aliorum,
1523 4291 1650 4352 que
1698 4270 2040 4337 defunctus
2087 4272 2154 4336 in
2201 4270 2433 4336 ultima
2478 4269 2811 4336 voluntate

245 4376 586 4459 relinquit,
644 4377 785 4442 sitis
840 4378 1213 4443 testamenti
1265 4378 1570 4461 porcione
1630 4378 1915 4443 contenti
1970 4399 2091 4442 nec
2147 4377 2326 4443 aliud
2380 4398 2499 4461 pro
2553 4376 2714 4463 ipsis
2770 4401 2811 4443 a

245 4482 572 4551 iamdictis
604 4484 915 4550 fratribus
949 4485 1223 4567 exigatis
1254 4507 1382 4550 non
1418 4484 1846 4567 impedientes
1894 4485 2231 4551 occasione
2262 4484 2554 4568 qualibet
2598 4484 2810 4568 sepul-

428 4682 448 4716 ²
468 4681 643 4738 Wohl
660 4641 1129 4738 consuetudinem.
1227 4684 1248 4715 ²
1267 4681 1378 4738 Am
1396 4682 1553 4738 Ende
1572 4683 1672 4738 der
1690 4682 2177 4755 vorhergehenden
2196 4683 2255 4741 Z.
2354 4682 2376 4714 ³
2394 4681 2628 4739 Hdschr.
2647 4699 2809 4755 pape.

2846 1553 2964 1608 Fol.
3005 1558 3072 1607 48
3082 1551 3122 1606 b.
