3242 5184
1216 291 1702 355 -173—

181 488 308 549 pro
359 467 750 533 correctione
805 474 1105 532 notarum
1160 467 1524 532 litterarum
1581 467 2112 551 apostolicarum,
2179 487 2341 549 quas
2390 466 2559 531 infra
2604 469 2737 531 suis

180 573 519 638 vocabulis
566 573 1061 656 intelligibiliter
1105 575 1552 656 nominamus,
1603 581 1668 639 et
1714 574 1885 655 quod
1933 573 2107 637 ultra
2152 575 2514 638 taxationes
2562 575 2739 657 ipsas

180 680 385 745 nichil
431 682 766 765 recipiant,
816 682 1019 746 etiam
1058 681 1113 744 si
1159 682 1361 763 gratis
1409 679 1717 746 offeratur
1763 681 2026 745 eisdem.

366 786 555 870 Quod
585 786 803 852 nullus
836 787 1268 870 abbreviator,
1318 788 1429 869 qui
1478 787 1561 851 ad
1595 786 1834 852 dictam
1868 786 2320 852 cancellariam
2354 787 2737 869 admittitur,

177 916 303 976 pro
367 897 657 978 ipsarum
714 895 1008 960 examine
1062 895 1427 959 litterarum
1482 915 1599 977 per
1654 915 1723 958 se
1776 894 1877 959 vel
1934 894 2135 958 alium
2189 894 2465 958 offitium
2510 917 2740 979 procu-

176 1004 421 1067 ratoris
456 1009 756 1067 exerceat
785 1022 904 1065 nec
933 1001 1147 1065 locum
1178 1003 1245 1066 in
1279 1001 1610 1066 audientia
1642 1000 1904 1084 publica
1933 1007 2173 1083 teneat,
2196 1007 2261 1065 et
2292 1002 2347 1065 si
2378 1003 2742 1085 reperiatur

179 1110 610 1189 contrarium,
668 1109 818 1173 talis
873 1130 1002 1172 non
1050 1108 1432 1173 admittatur
1477 1108 1782 1191 deinceps
1865 1115 1938 1172 ut
1995 1108 2407 1174 abbreviator
2460 1111 2527 1173 in
2591 1110 2738 1192 hijs,

179 1236 308 1297 que
358 1215 443 1280 ad
491 1214 767 1280 offitium
814 1215 1198 1280 cancellarie
1245 1216 1597 1299 pertinent,
1657 1215 1770 1279 sed
1819 1215 1899 1279 ad
1947 1217 2419 1298 procurationis
2450 1215 2740 1281 ‘offitium

178 1324 266 1386 sit
313 1328 678 1387 contentus,

362 1428 553 1512 Quod
618 1429 834 1494 nullus
899 1429 1139 1496 audeat
1201 1430 1479 1495 formare
1537 1435 1788 1510 notam,
1846 1429 1971 1492 nisi
2027 1429 2438 1497 abbreviator
2490 1451 2606 1515 per
2653 1481 2667 1496 .
2723 1481 2737 1496 .

180 1537 790 1601 vicecancellarium
843 1537 944 1600 vel
999 1539 1322 1601 notarium
1381 1558 1495 1601 seu
1561 1536 1852 1618 quemvis
1920 1557 2142 1602 eorum
2208 1537 2417 1602 factus
2483 1538 2739 1620 existat,

175 1642 589 1725 simplicibus
646 1664 722 1707 ac
777 1644 1066 1726 legendis
1124 1651 1189 1709 et
1241 1645 1483 1728 grossis
1539 1644 1817 1727 alijsque
1871 1643 2094 1707 formis
2151 1645 2598 1710 communibus
2663 1646 2741 1710 de

173 1750 464 1830 iusticia,
512 1770 639 1832 que
686 1771 813 1815 non
860 1757 1213 1833 mutantur,
1263 1751 1602 1815 dumtaxat
1648 1751 1956 1834 exceptis,

366 1854 554 1938 Quod
602 1856 818 1920 nullus
867 1857 1278 1924 abbreviator
1323 1859 1607 1941 aliquam
1657 1864 1876 1922 notam
1924 1858 2153 1941 signet,
2199 1859 2327 1922 nisi
2371 1859 2551 1941 prius
2600 1859 2740 1923 dili-

171 1969 411 2045 genter
466 1984 608 2027 eam
662 1964 891 2047 legerit
955 1972 1021 2029 et
1092 1965 1443 2031 correxerit
1498 1985 1748 2029 necnon
1812 1964 2138 2029 clausulas
2185 1971 2252 2028 et
2296 1966 2740 2031 conclusiones

173 2077 530 2135 consuetas
562 2077 629 2135 et
659 2071 910 2136 debitas
945 2074 1321 2156 apposuerit
1364 2072 1433 2136 in
1481 2072 1728 2153 eadem,
1778 2071 1974 2136 etiam
2021 2073 2076 2135 si
2122 2078 2572 2154 procuratores
2619 2073 2742 2137 hoc

174 2178 509 2242 voluerint
555 2183 751 2261 atque
797 2185 1041 2262 petant.

365 2282 553 2366 Quod
600 2286 657 2349 si
703 2285 924 2368 aliqua
956 2285 1034 2350 de
1079 2286 1313 2351 litteris
1361 2285 1786 2369 simplicibuS,
1834 2285 2143 2368 legendiS,
2192 2287 2434 2368 grossis
2459 2278 2549 2350 'et
2593 2287 2740 2369 alijs

176 2390 411 2454 formis
458 2392 937 2474 communibuS,
987 2413 1151 2475 que,
1214 2400 1288 2458 ut
1341 2393 1697 2476 predicitur
1718 2442 1734 2473 ,
1798 2413 1930 2455 non
1986 2399 2339 2475 mutantur,
2389 2393 2582 2477 culpa
2629 2394 2739 2458 ab·

174 2498 595 2580 breviatoriS,
664 2500 775 2581 qui
822 2506 1041 2564 notam
1107 2500 1319 2563 minus
1384 2499 1574 2583 plene
1641 2500 1993 2563 correxerit
2056 2505 2122 2563 et
2186 2501 2478 2582 signarit,
2546 2499 2743 2566 fuerit

171 2605 630 2687 rescribenda,
699 2607 995 2689 expensis
1045 2607 1199 2671 dicti
1248 2606 1716 2671 abbreviatoris
1763 2606 2016 2689 prefata
2061 2607 2280 2672 littera
2323 2608 2739 2673 rescribatur.

363 2712 431 2777 Si
478 2712 628 2778 vero
674 2713 887 2777 littere
933 2713 1145 2780 forent
1191 2714 1271 2777 de
1317 2713 1540 2778 formis
1589 2714 1761 2796 alijs,
1796 2733 1922 2794 que
1969 2720 2320 2795 mutantur,
2369 2721 2435 2778 et
2478 2722 2743 2798 propter

175 2819 507 2883 defectum
545 2819 1088 2903 abbreviatorum,
1131 2823 1243 2903 qui
1289 2841 1399 2884 eas
1448 2821 1843 2886 correxerint
1888 2827 1953 2885 et
1990 2822 2325 2903 signarint,
2359 2823 2740 2886 existentem

172 2927 245 2989 in
296 2926 606 2991 clausulis
655 2935 719 2992 et
765 2926 1286 2991 conclusionibus
1334 2928 1737 3019 supradictis·
1772 2927 1986 2992 littere
2032 2929 2174 3010 ipse
2235 2927 2467 2992 fierent
2510 2931 2739 2993 rescri-

176 3034 416 3115 bende,
451 3033 725 3117 predicti
758 3034 1239 3099 abbreviatores
1272 3035 1359 3116 id,
1400 3034 1574 3116 quod
1606 3056 1724 3118 pro
1755 3039 1913 3099 nota
1944 3034 2326 3118 corrigenda
2356 3033 2738 3118 receperint,

172 3141 526 3205 restituere
573 3148 934 3224 teneantur,
982 3142 1108 3205 nisi
1155 3141 1374 3206 forsan
1421 3140 1709 3206 clausule
1755 3141 1856 3204 vel
1894 3141 2338 3206 conclusiones
2369 3140 2741 3206 huiusmodi

175 3247 396 3313 forent
459 3248 620 3312 adeo
677 3248 901 3331 dubie,
968 3247 1140 3330 quod
1206 3250 1374 3312 inter
1446 3248 1606 3312 alios
1683 3247 2165 3313 ab'breviatores
2228 3249 2295 3312 in
2355 3248 2740 3314 cancellaria

177 3360 356 3419 esset
403 3354 777 3421 altercatiol
825 3376 1021 3439 super
1066 3355 1215 3418 illis.

363 3466 389 3545 Η
414 3460 603 3544 Quod
652 3463 1156 3544 abbreviatoreS,
1206 3461 1319 3543 qui
1364 3467 1588 3526 tenent
1633 3468 1768 3526 tam
1814 3461 2091 3545 primam
2136 3462 2501 3545 generalem
2541 3484 2737 3545 quam

178 3570 342 3634 alias
401 3591 692 3635 cameras
750 3569 1092 3645 dictorum,
1133 3569 1560 3650 notariorum,
1628 3569 1804 3633 horis
1870 3570 2227 3651 consuetiS,
2293 3568 2592 3634 videlicet
2655 3571 2738 3635 ab

178 3676 340 3741 hora
372 3699 545 3743 nona
576 3697 781 3760 usque
815 3676 898 3741 ad
931 3698 1177 3758 cenam,
1210 3676 1422 3759 parati
1453 3676 1863 3759 reperiantur
1892 3676 1959 3739 in
1991 3676 2293 3760 hospitijs
2340 3678 2740 3741 notariorum

180 3783 556 3848 eorumdem
603 3784 703 3848 vel
750 3784 959 3867 pape2
1003 3806 1120 3867 pro
1153 3781 1568 3866 expediendis
1601 3784 1773 3847 notis
1805 3790 1870 3847 et
1917 3783 2062 3865 alijs
2110 3783 2192 3847 ad
2223 3805 2411 3847 suum
2461 3782 2738 3847 offitium

182 3890 632 3974 spectantibus
699 3889 1074 3956 exercendis
1132 3889 1474 3972 diligenter
1520 3895 1587 3954 et
1632 3888 1926 3955 celeriter
1971 3889 2418 3974 peragendis.³

362 3995 551 4079 Quod
598 3986 1101 4079 abbreviatores,
1150 3998 1262 4079 qui
1308 4019 1425 4080 pro
1471 3997 1705 4061 litteris
1753 3996 2198 4061 examinandis
2246 4004 2312 4061 et
2342 3995 2737 4079 corrigendis

180 4105 263 4169 ad
293 4105 748 4169 cancellariam
793 4105 1060 4168 veniunt
1127 4103 1587 4186 supradictam,
1636 4105 1851 4168 iurare
1898 4110 2242 4168 teneantur
2287 4104 2456 4168 inter
2501 4110 2737 4183 cetera,

180 4212 354 4295 quod
384 4212 913 4296 impungnatores
944 4211 1309 4276 litterarum
1339 4212 1631 4294 ipsarum
1678 4233 1808 4275 non
1852 4210 2233 4275 revelabunt
2277 4209 2573 4294 partibus
2620 4231 2739 4273 nec

180 4319 509 4403 aliquibus
557 4319 723 4402 alijs,
771 4339 888 4402 per
934 4339 1095 4400 quos
1145 4317 1227 4383 ad
1275 4324 1494 4401 partes
1541 4319 1719 4402 ipsas
1767 4317 1980 4384 valeat
2023 4319 2377 4411 pervenire.

361 4572 377 4603 ¹
417 4569 653 4625 Hdschr.
693 4569 964 4624 alteratio.
1172 4569 1193 4600 ²
1229 4567 1466 4623 Hdschr.
1505 4586 1650 4639 pape
1688 4568 1800 4623 illa.
1984 4569 2005 4599 ³
2042 4569 2151 4622 Am
2179 4568 2374 4647 Raude
2411 4568 2590 4622 rechts
2629 4585 2738 4623 von

182 4662 415 4717 anderer
451 4659 644 4714 Hand:
685 4659 756 4714 de
793 4658 1234 4715 abreviatoribus
1270 4662 1539 4713 notarum.

2793 3480 2908 3534 Fol.
2932 3486 3050 3535 90¹².
