3242 5184
1491 294 1976 355 *138-

463 475 776 553 quantum
838 468 1038 534 habet
1090 491 1255 535 unus
1312 469 1687 553 cardinalis,
1746 475 1811 534 et
1862 470 1992 534 ista
2046 469 2420 534 dividuntur
2474 469 2792 552 equaliter
2848 470 3031 533 inter

461 576 1060 641 vicecancellarium
1116 582 1182 641 et
1225 577 1542 658 notariOS‚
1600 597 1675 642 eo
1735 583 2002 660 excepto
2058 576 2234 658 quod
2281 574 2538 641 auditor
2583 576 3028 644 contradicta-

461 705 606 748 rum
661 689 727 749 et
781 690 1106 751 corrector
1161 684 1351 748 simul
1404 683 1651 749 habent
1693 689 1943 749 tantam
1989 689 2264 768 partem,
2313 689 2626 766 quantum
2675 684 2768 770 [2]
2818 683 3030 749 habet

461 812 627 856 unus
675 792 987 857 notarius,

725 1006 839 1071 Ad
885 1006 1100 1071 idem.

636 1148 804 1213 Item
837 1150 1280 1232 unusquisque
1311 1150 1712 1215 notariorum
1759 1149 2173 1233 singulariter
2219 1171 2337 1214 sua
2383 1148 2488 1215 die
2534 1148 2729 1214 debet
2770 1147 3028 1213 habere

461 1256 807 1340 specialem
863 1256 1243 1340 pictantiam
1298 1277 1340 1321 a
1400 1255 1657 1321 domino
1705 1278 1896 1340 papa,
1943 1255 2245 1321 videlicet
2287 1254 2522 1321 XVIII
2566 1277 2799 1339 paneS,
2856 1257 3023 1321 item

458 1362 526 1429 X
555 1364 800 1428 taciasl
843 1363 996 1444 vini,
1042 1363 1199 1428 item
1229 1361 1296 1427 X
1325 1362 1569 1428 frustra
1600 1364 1912 1445 carnium,
1960 1384 2086 1445 que
2118 1362 2446 1428 faciebant
2476 1384 2675 1427 unum
2707 1384 3024 1445 magnum

460 1476 815 1535 castratum
849 1491 993 1533 cum
1025 1469 1312 1551 dimidio,
1346 1476 1412 1534 et
1442 1470 1522 1534 de
1554 1470 1850 1535 omnibus
1890 1471 2036 1554 alijs
2069 1470 2571 1553 equivalentiam
2602 1469 3022 1550 frustrorum,

461 1584 527 1642 et
555 1577 678 1643 hoc
709 1575 938 1641 diebus
971 1578 1282 1658 carnium,
1331 1577 1476 1660 alijs
1523 1598 1675 1642 vero
1724 1576 1951 1641 diebus
1999 1578 2209 1660 pisces
2258 1577 2356 1642 vel
2399 1599 2538 1657 ova,
2589 1583 2655 1641 et
2686 1577 2741 1640 si
2773 1578 3018 1659 aliquis

458 1684 858 1749 notariorum
906 1706 1034 1749 non
1081 1689 1252 1748 esset
1295 1704 1561 1767 presens
1607 1684 1709 1748 vel
1756 1705 1884 1747 non
1931 1689 2103 1748 esset
2147 1684 2374 1767 plenus
2417 1704 2638 1749 eorum
2683 1704 3020 1764 numeruS‚

458 1780 813 1876 presenteS‚
879 1791 1075 1856 etiam
1141 1792 1196 1855 si
1261 1797 1435 1857 esset
1487 1811 1656 1854 unus
1712 1796 1987 1872 tantum,
2055 1790 2249 1856 debet
2305 1789 2398 1877 [Σ]
2447 1790 2735 1873 recipere
2780 1795 3020 1871 totum,

458 1897 632 1980 quod
677 1898 1041 1982 reciperent
1085 1898 1220 1982 alij,
1270 1898 1326 1962 si
1370 1918 1677 1963 numerus
1725 1903 1901 1962 esset
1944 1897 2190 1981 plenus,

722 2130 836 2195 Ad
883 2129 1098 2196 idem.

634 2272 1221 2339 Vicecancellarius
1298 2279 1516 2337 autem
1590 2293 1735 2336 cum
1804 2293 2191 2355 unoquoque
2265 2273 2667 2337 notariorum
2738 2273 3019 2356 singulis

457 2380 685 2446 diebus
730 2382 1018 2464 recipere
1066 2380 1314 2467 [debet]
1366 2385 1619 2464 partem
1668 2400 1871 2443 suam.

724 2613 837 2678 Ad
884 2612 1101 2677 idem.

634 2755 802 2822 Item
867 2755 1143 2838 quilibet
1205 2756 1496 2820 notarius
1572 2754 1767 2820 debet
1836 2753 2077 2819 habere
2142 2778 2183 2818 a
2245 2756 2426 2818 curia
2488 2775 2656 2838 pape
2720 2755 3018 2837 quolibet

455 2884 674 2927 mense
728 2861 980 2927 ΧΧΧω
1044 2861 1406 2945 prebendas
1479 2882 1791 2943 equorum
1859 2867 1925 2925 et
1978 2882 2094 2944 per
2167 2860 2525 2943 quamlibet
2581 2860 3015 2927 ebdomadam

455 2991 571 3052 pro
627 2969 824 3033 clavis
883 2990 1193 3051 equorum
1247 2968 1307 3032 V
1364 2968 1602 3034 solidos
1660 2969 2072 3050 antiquorum
2121 2968 2621 3051 provisinorum,
2681 2970 2791 3051 qui
2840 2969 3014 3034 vale-

455 3075 616 3140 bant
678 3076 865 3158 quasi
930 3075 1200 3141 totidem
1263 3096 1609 3158 parvorum
1676 3074 2148 3140 Turonensium
2213 3074 2646 3156 antiquorum.
2760 3074 2848 3140 Et
2912 3084 3019 3141 est

455 3181 806 3264 sciendum,
855 3183 1026 3265 quod
1075 3188 1397 3248 corrector
1443 3203 1571 3245 non
1630 3180 1823 3246 debet
1884 3180 2126 3245 habere
2206 3180 2382 3245 aliud
2465 3180 2742 3246 offitium
2807 3204 3012 3266 quam

453 3287 728 3354 offitium
776 3290 1154 3355 correctoris
1202 3288 1361 3355 nec2
1408 3288 1601 3354 debet
1648 3309 1790 3353 esse
1838 3289 2116 3371 scriptor
2160 3288 2260 3352 vel
2309 3287 2740 3353 abbreviator.

719 3520 833 3586 Ad
879 3521 1093 3587 idem.

628 3663 797 3729 Item
844 3662 1038 3729 debet
1066 3663 1308 3730 habere
1338 3663 1728 3729 cancellaria
1756 3663 2040 3747 hospitia
2075 3662 2299 3746 gratis»,
2348 3663 2602 3728 etiamsi
2643 3663 3016 3731 cardinales

452 3793 581 3837 non
626 3772 932 3840 habeant.

717 3985 835 4051 Ad
879 3984 1096 4069 idem,

628 4128 796 4193 Item
860 4128 1424 4193 vicecancellarius
1491 4134 1556 4192 et
1616 4128 1851 4210 notarij
1918 4126 2158 4192 nullius
2213 4126 2682 4192 iurisdictioni3
2738 4127 3019 4194 subsunt

449 4236 578 4301 nisi
625 4235 994 4320 specialiter
1039 4234 1281 4300 domini
1327 4256 1515 4319 pape.

632 4486 650 4518 ¹
689 4504 716 4540 s
751 4504 863 4542 von
901 4486 1135 4540 anderer
1170 4486 1338 4540 Hand
1375 4485 1515 4540 iiber
1551 4485 1651 4539 der
1687 4484 1848 4539 Zeile.
2069 4484 2091 4516 ²
2125 4485 2211 4539 Im
2249 4484 2393 4540 Text
2429 4486 2559 4552 nisi,
2598 4484 2734 4540 aber
2772 4484 3015 4541 dai-iiber

450 4576 540 4627 ein
568 4574 817 4644 Zeichen‚
855 4574 1092 4631 welches
1129 4593 1219 4629 am
1244 4575 1441 4629 Raude
1476 4575 1658 4630 rechts
1694 4573 2018 4631 wiederholt
2054 4576 2140 4643 ist,
2179 4575 2294 4631 und
2321 4575 2446 4633 dort
2468 4574 2617 4633 steht
2640 4591 2752 4633 von
2773 4575 3013 4660 auderet

455 4662 626 4726 Hand
662 4681 779 4721 nec.
998 4662 1019 4693 ³
1056 4682 1082 4720 s
1119 4681 1208 4725 am
1247 4664 1403 4723 Ende
1439 4664 1661 4724 radiert.
