3242 5184
206 3381 317 3437 [³01.
342 3385 408 3435 75
421 3390 460 3435 ⁸.

1544 337 1630 341 m
1730 299 1853 359 146

685 469 853 535 Item
887 491 927 534 a
957 471 1033 558 [l]
1068 477 1356 555 tempore
1389 472 1634 537 domini
1668 471 1920 538 Urbani
1952 474 2107 538 data
2138 472 2260 538 fuit
2289 473 2508 538 littera
2540 475 2713 538 omni
2745 475 3060 538 canonico

512 578 749 642 dicenti
782 599 850 643 se
887 584 1220 662 receptum
1268 585 1332 642 et
1377 601 1507 644 non
1551 580 1794 645 habere
1832 580 2251 664 prebendam,
2286 581 2459 663 quod
2491 580 2911 665 provideatur
2942 580 3067 645 sibi

510 686 590 750 de
635 683 968 770 prebenda
1015 686 1107 749 sic
1155 686 1279 750 sibi
1328 689 1426 774 [!],
1474 688 1650 770 quod
1696 687 1857 752 nulli
1905 687 2013 771 alij
2067 686 2146 752 de
2191 689 2334 753 iure
2381 686 2619 753 debita.

685 793 855 858 Item
921 814 1067 856 cum
1122 799 1308 858 tanta
1363 801 1698 877 prematur
1741 796 1989 878 inopia,
2050 796 2475 860 committitur
2529 794 2891 877 dyocesano
2950 816 3064 878 pro

510 902 909 985 pauperibus
956 902 1250 984 patronis
1299 902 1737 967 ecclesiarum.

685 1009 853 1074 Item
916 1009 995 1074 de
1055 1011 1409 1094 episcopie,
1475 1010 1738 1094 regibus
1801 1015 1868 1075 et
1913 1011 2107 1074 etiam
2156 1011 2304 1092 alijs
2351 1010 2762 1093 magnatibus
2809 1031 3063 1075 conser-

509 1118 760 1182 vatoria
829 1117 1088 1200 legatur
1159 1139 1276 1200 per
1345 1118 1689 1182 notarium.
1800 1116 2134 1200 Reliquis¹
2204 1117 2394 1183 detur
2458 1119 2596 1182 sine
2659 1117 2940 1183 lectione
3006 1122 3069 1181 et

512 1225 835 1290 scribatur
879 1223 1224 1290 ordinario.
1308 1223 1556 1289 Datur
1599 1223 1827 1288 hodie
1872 1229 2170 1289 tantum
2216 1226 2634 1290 canonicis.

687 1331 855 1395 Item
903 1330 1264 1415 dyocesano
1314 1331 1620 1395 scribitur
1667 1330 2095 1395 communiter
2139 1353 2257 1414 pro
2303 1331 2707 1397 beneficiatis
2758 1352 2874 1396 sue
2917 1330 3063 1414 dyo·

513 1439 676 1502 cesis
726 1438 1137 1503 studentibus
1185 1440 1252 1502 in
1297 1438 1643 1521 theologia,
1693 1443 1767 1502 ut
1811 1443 2159 1520 proventus
2193 1459 2343 1503 suos
2376 1438 2851 1503 ecclesiasticos
2884 1439 3063 1502 iuxta

513 1545 1039 1610 constitutionem
1072 1545 1314 1609 domini
1350 1543 1620 1627 Honorij
1673 1566 1840 1629 pape
1870 1543 1995 1610 III.
2035 1544 2235 1609 faciat
2278 1545 2653 1610 ministrari.
2730 1543 3065 1628 Legantur

513 1652 729 1736 quoad
774 1658 1158 1736 personatus
1206 1657 1273 1716 et
1315 1651 1634 1716 beneficia
1680 1674 1825 1717 cum
1873 1674 2029 1717 cura
2076 1658 2160 1734 et,
2210 1653 2265 1716 si
2314 1653 2681 1716 immineret
2711 1673 2877 1717 onus
2910 1651 3061 1739 resi-

513 1759 750 1842 dentie,
798 1760 1014 1824 iurare
1062 1758 1169 1846 [?].

690 1866 1001 1932 Similiter
1059 1865 1364 1930 scribitur
1409 1865 1809 1948 dyocesaniS,
1858 1866 2031 1948 quod
2087 1865 2454 1931 volentibus
2514 1866 2709 1930 simul
2761 1866 3063 1949 religiose

513 1975 725 2039 vivere
765 1974 843 2038 de
873 1973 1016 2038 loco
1063 1970 1444 2056 provideant
1475 1974 1886 2058 competenti,
1919 1980 2113 2057 prout
2142 1973 2227 2038 ad
2260 1995 2450 2038 suum
2482 1979 2735 2057 spectat
2765 1971 3060 2055 offitium,

515 2083 654 2147 sine
699 2080 1046 2165 preiuditio
1092 2081 1252 2145 iuris
1301 2080 1513 2145 alieni.

690 2187 858 2253 Item
905 2186 989 2252 ad
1034 2189 1413 2271 petitionem
1451 2188 1900 2270 religiosorum
1929 2209 2059 2254 non
2089 2187 2469 2253 habentium
2500 2193 2744 2253 certam
2771 2188 3065 2271 regulam

516 2295 824 2361 scribitur
870 2294 1250 2378 dyocesanO,
1300 2296 1473 2377 quod
1519 2293 1856 2380 provideat
1901 2294 1982 2360 de
2028 2295 2246 2377 aliquo
2294 2294 2518 2360 ordine
2563 2296 2949 2379 approbatO.

690 2401 860 2467 Item
892 2402 1198 2467 scribitur
1227 2402 1627 2485 dyocesaniS,
1650 2401 1823 2485 quod
1857 2404 2199 2468 canonicos
2233 2407 2300 2467 et
2326 2408 2612 2468 rectores
2644 2402 3063 2468 ecclesiarum

517 2509 642 2574 sibi
690 2510 1128 2579 subiectarum
1173 2510 1458 2575 residere
1506 2509 1897 2594 compellant
1927 2529 2044 2593 per
2076 2508 2584 2575 subtractionem
2614 2514 3060 2594 proventuum,

515 2618 640 2681 nisi
671 2617 959 2682 habeant
985 2616 1451 2699 indulgentiam
1482 2617 1582 2681 vel
1621 2615 1864 2681 domini
1909 2638 2075 2700 pape
2114 2622 2231 2681 aut
2260 2616 2688 2682 cardinalium
2734 2616 3061 2700 obsequijs

514 2724 955 2790 immorentur.

692 2830 861 2896 Item
928 2831 1102 2914 quod
1174 2831 1518 2914 dyocesani
1576 2836 1804 2895 contra
1861 2831 2223 2897 obtinentes
2287 2832 2477 2915 plura
2538 2828 2859 2897 beneficia
2922 2850 3058 2894 cum

519 2960 677 3002 cura
723 2940 862 3003 sine
910 2938 1391 3023 dispensatione
1436 2937 1681 3002 faciant
1724 2937 1998 3004 formam
2047 2938 2298 3021 concilij
2352 2938 2700 3004 observari.

693 3044 862 3110 Item
910 3045 1215 3111 scribitur
1246 3045 1605 3128 dyocesano
1639 3045 1722 3109 ad
1754 3046 2133 3128 petitionem
2166 3045 2439 3110 alicuius
2469 3046 2739 3110 rectoris
2773 3044 3058 3121 ecclesie,

519 3157 592 3215 ut
635 3153 704 3216 in
748 3152 1344 3236 procurationibuS,
1396 3174 1521 3236 que
1568 3154 1989 3235 imponuntur
2035 3153 2238 3234 clero,
2304 3152 2487 3216 illum
2545 3173 2673 3216 non
2731 3152 3061 3235 permittat

518 3257 691 3323 ultra
738 3259 1081 3325 facultates
1127 3261 1424 3345 proprias
1471 3260 1832 3343 aggravari.

701 3370 725 3449 ΙΙ
747 3365 917 3430 Item
958 3368 1331 3450 indulgetur
1368 3368 1710 3450 religiosiS,
1759 3365 1933 3449 quod
1981 3366 2326 3449 ordinarijs
2372 3365 2829 3430 visitantibus²
2876 3366 3055 3429 dene-

517 3493 672 3554 gare
717 3473 931 3555 liceat,
980 3475 1279 3556 quitquid
1326 3479 1557 3558 petunt
1600 3473 1775 3537 ultra
1822 3473 1906 3537 ad
1952 3473 2047 3555 id,
2098 3472 2271 3556 quod
2317 3473 2385 3537 in
2432 3472 2702 3538 concilio
2747 3477 3055 3538 taxatum.

695 3578 862 3644 Item
911 3580 1129 3645 littere
1174 3581 1707 3665 predecessorum
1755 3579 2197 3645 Romanorum
2246 3579 2624 3664 pontificum
2693 3582 2760 3644 in
2828 3577 3054 3644 litteris

519 3686 893 3769 apostolicis
941 3692 1355 3752 annotantur.
1433 3685 1744 3770 Legatur,
1781 3690 1846 3750 et
1892 3686 2063 3751 idem
2111 3687 2190 3751 de
2227 3687 2486 3769 litteris,
2520 3707 2645 3770 que
2677 3688 3056 3752 innovantur

517 3792 583 3855 in
604 3791 630 3829 3
673 3793 966 3874 registris
1013 3792 1456 3859 Romanorum
1500 3793 1900 3877 pontificum.

695 3898 862 3963 Item
910 3899 1282 3982 indulgetur
1312 3900 1653 3983 religiosiS,
1703 3900 1876 3982 quod
1907 3900 2160 3983 possint
2191 3900 2523 3984 percipere
2555 3900 2841 3964 decimas
2871 3916 3049 3962 nova-

518 4005 679 4068 lium
725 4006 790 4069 in
838 4005 1045 4070 forma
1092 4007 1415 4071 communi
1459 4029 1577 4089 pro
1627 4029 1704 4072 ea
1750 4009 2067 4091 portione,
2118 4029 2249 4090 qua
2293 4007 2662 4091 percipiunt
2705 4011 2951 4071 veteres
2981 4021 3049 4065 ex

518 4112 873 4195 privilegio,

695 4218 865 4284 Item
926 4220 1183 4301 quando
1244 4221 1480 4303 aliquis
1538 4222 1664 4284 rite
1724 4223 2315 4285 excommunicatus
2372 4221 2647 4286 moritur
2702 4241 2833 4284 non
2878 4216 3045 4283 abso-

519 4326 695 4390 lutus
741 4347 861 4389 nec
907 4327 1301 4410 precedunt4
1346 4329 1532 4410 signa
1577 4328 1953 4411 penitentie,
2003 4327 2380 4392 exhumari⁵
2424 4326 2792 4392 mandatur.

701 4488 717 4519 ¹
755 4486 1062 4541 Handschr.
1099 4489 1356 4557 reliquos.
1574 4489 1594 4519 ²
1631 4489 1866 4542 Hdschr.
1906 4489 2324 4543 visitationibus
2528 4488 2550 4520 ⁸
2586 4487 2744 4542 Nach
2780 4490 2838 4541 in
2871 4482 3043 4540 litteris

522 4576 1021 4645 durchgestrichen.
1233 4576 1255 4608 4
1290 4577 1525 4631 Hdschr.
1562 4577 1878 4648 precedant.
2082 4578 2105 4609 ⁶
2139 4578 2300 4632 Korr.
2338 4595 2439 4632 aus
2475 4576 2766 4647 exhurarij.
2839 4563 2979 4631 Uber
3006 4568 3041 4637 il

500 4665 877 4719 ·undeutliche
912 4665 1238 4719 Korrektur.
1312 4684 1340 4718 r
1376 4672 1461 4719 rot
1496 4667 1696 4737 getilgt
1731 4667 1845 4720 und
1884 4666 2077 4721 iiberm
2114 4683 2153 4719 u
2189 4668 2278 4722 ein
2313 4671 2461 4723 roter
2495 4664 2690 4721 Strich.
