3242 5184
450 466 962 550 Privilegium
1009 465 1464 531 monialium
1511 463 2076 530 Cisterciensis
2125 464 2448 530 ordinis.

356 627 764 710 Religiosam
827 627 1028 691 vitam
1087 631 1208 690 etc.
1275 647 1482 708 usque
1566 626 2052 690 communimus,
2171 623 2479 707 Inprimis
2544 625 2740 707 siqui-

184 733 328 799 dem
375 739 502 799 etc.
552 755 758 816 usque
813 733 1209 798 observetur.
1293 732 1605 797 Preterea
1654 752 2093 814 quascumque
2135 732 2577 813 possessiones
2619 736 2737 794 etc.

185 861 390 923 usque
457 845 905 923 permaneant.
997 839 1079 903 In
1142 838 1378 921 quibus
1442 839 1548 903 hic
1612 839 1892 923 proprijs
1957 837 2257 902 duximus
2325 837 2743 922 exprimenda

181 947 547 1012 vocabulis:
593 945 840 1012 Locum
869 946 1083 1030 ipsum
1115 952 1235 1010 etc.
1269 967 1476 1028 usque
1508 944 1902 1029 possidebat.
1970 944 2140 1009 Sane
2171 944 2469 1010 laborum
2498 949 2741 1008 vestro·
2812 966 2817 971 ·

180 1076 323 1118 rum
386 1059 517 1118 etc.
568 1074 775 1135 usque
833 1058 1184 1136 presumat.
1277 1051 1509 1117 Liceat
1557 1073 1814 1135 quoque
1880 1052 2062 1116 vobis
2128 1072 2439 1134 personas
2500 1043 2740 1115 liberas

184 1167 249 1226 et
293 1159 641 1226 absolutas
698 1181 732 1225 e
793 1160 1008 1225 seculo
1046 1159 1063 1249 Η
1102 1159 1419 1242 fugientes
1479 1159 1561 1223 ad
1620 1159 2102 1224 conversionem
2170 1158 2458 1242 recipere
2520 1162 2586 1221 et
2631 1178 2741 1221 eas
2777 1172 2897 1228 Fol.
2938 1178 3004 1227 32
3021 1179 3057 1224 ὃ.

183 1266 433 1350 absque
486 1266 994 1333 contradictione
1042 1266 1263 1348 aliqua
1294 1267 1592 1331 retinere.
1677 1265 2106 1331 Prohibemus
2138 1265 2419 1349 insuper,
2467 1269 2541 1329 ut
2582 1263 2745 1328 nulli

132 1378 138 1385 '
183 1394 482 1438 sororum
534 1378 897 1437 vestrarum
953 1378 1103 1455 post
1155 1371 1397 1436 factam
1450 1373 1518 1436 in
1571 1372 1964 1437 monasterio
2020 1377 2236 1436 vestro
2280 1371 2745 1453 professionem

181 1478 277 1543 fas
335 1479 426 1543 sit
486 1479 626 1544 sine
683 1478 1016 1544 abbatisse
1076 1500 1189 1543 sue
1234 1479 1498 1543 licentia
1553 1477 1632 1542 de
1680 1477 1905 1543 eodem
1949 1477 2091 1543 loco
2139 1476 2491 1559 discedere,
2541 1476 2743 1542 disce-

183 1584 446 1650 dentem
513 1606 663 1651 vero
728 1591 849 1650 etc.
916 1607 1121 1667 usque
1185 1587 1482 1650 retinere.
1576 1584 1750 1649 Illud
1797 1585 2152 1649 districtius
2210 1583 2597 1665 inhibentes,
2664 1605 2744 1648 ne

182 1695 393 1756 terras
435 1713 555 1756 seu
586 1691 925 1775 quodlibet
968 1691 1356 1757 beneficium
1403 1692 1671 1756 ecclesie
1719 1697 1930 1756 vestre
1977 1691 2283 1756 collatum
2324 1691 2521 1755 liceat
2550 1689 2745 1754 alicui

181 1798 622 1880 personaliter
686 1799 828 1863 dari
893 1800 1026 1863 sive
1092 1798 1218 1863 alio
1283 1798 1473 1864 modo
1539 1799 1811 1864 alienari
1866 1799 2113 1881 absque
2171 1819 2491 1863 consensu
2544 1798 2745 1863 totius

185 1905 460 1988 capituli
492 1905 594 1970 vel
625 1905 893 1971 maioris
927 1911 1042 1970 aut
1072 1906 1349 1970 sanioris
1378 1906 1586 1988 partis
1618 1906 1842 1990 ipsiuS.
1907 1904 1977 1970 Si
2011 1926 2136 1988 que
2167 1926 2316 1970 vero
2365 1903 2745 1970 donationes

186 2017 299 2076 aut
355 2011 789 2078 alienationes
846 2012 1055 2094 aliter,
1119 2034 1314 2094 quam
1372 2011 1615 2077 dictum
1663 2018 1782 2095 est,
1846 2013 2015 2077 facte
2063 2012 2321 2093 fuerint,
2371 2032 2500 2076 eas
2527 2012 2746 2075 irritas

186 2139 326 2185 esse
387 2140 749 2184 censemus,
841 2119 1120 2203 Insuper
1177 2120 1567 2185 auctoritate
1614 2119 1974 2203 apostolica
2018 2118 2383 2200 inhibemus
2431 2118 2593 2182 etc.l
2640 2138 2744 2181 us-

188 2246 311 2307 que
367 2226 791 2291 intromittat.
884 2226 1014 2291 Pro
1071 2225 1664 2291 consecrationibus
1718 2246 1869 2291 vero
1926 2225 2231 2289 altarium
2284 2225 2385 2289 vel
2444 2224 2744 2289 ecclesia-

187 2353 330 2396 rum
379 2333 519 2397 sive
565 2355 683 2415 pro
731 2333 873 2398 oleo
923 2338 1147 2398 sancto
1194 2332 1293 2396 vel
1340 2332 1633 2415 quolibet
1678 2332 1805 2397 alio
1853 2331 2291 2397 ecclesiastico
2339 2337 2745 2411 sacramento

188 2438 406 2503 nullus
443 2462 486 2504 a
517 2440 698 2505 vobis
732 2440 852 2504 sub
885 2440 1154 2505 obtentu
1187 2439 1669 2506 consuetudinis
1703 2445 1824 2504 etc.
1872 2460 2079 2521 usque
2124 2438 2474 2522 impendat.
2568 2437 2745 2504 Alio-

191 2546 345 2626 quin
405 2551 530 2610 etc.
607 2568 813 2628 usque
884 2546 1235 2629 impendat.
1331 2544 1576 2626 Quodsi
1643 2545 1827 2611 sedes
1886 2546 2230 2628 dyocesani
2295 2546 2577 2628 episcopi
2625 2551 2744 2609 etc.

190 2672 395 2734 usque
443 2652 875 2736 preiudicium
919 2657 1281 2735 generetur.
1376 2651 1546 2734 Quia
1601 2674 1751 2718 vero
1798 2651 2125 2716 interdum
2169 2652 2410 2735 proprij
2463 2652 2747 2734 episcopi

191 2759 444 2840 copiam
492 2781 621 2824 non
666 2758 941 2841 habetis,
991 2760 1044 2823 si
1092 2780 1284 2841 quem
1330 2760 1702 2842 episcopum
1748 2759 2040 2824 Romane
2088 2757 2280 2839 sedis,
2328 2763 2402 2821 ut
2447 2758 2745 2838 diximus,

189 2865 476 2946 graciam
532 2872 600 2930 et
664 2866 1175 2930 communionem
1229 2864 1594 2947 habentem,
1663 2871 1729 2930 et
1793 2864 1871 2928 de
1936 2887 2062 2946 quo
2116 2864 2378 2949 plenam
2440 2865 2749 2928 noticiam

190 2968 519 3053 habeatis,
568 2993 688 3055 per
722 2994 834 3037 vos
873 2973 1154 3037 transire
1192 2973 1554 3055 contigerit,
1596 2971 1679 3036 ab
1720 2993 1795 3037 eo
1833 2971 2313 3036 benedictiones
2351 2970 2745 3052 monialium,

190 3083 494 3143 vasorum
552 3085 618 3143 et
661 3078 956 3160 vestium,
1020 3079 1535 3144 consecrationes
1591 3079 1896 3143 altarium
1953 3078 2340 3143 auctoritate
2395 3076 2748 3160 apostolice

192 3183 361 3248 sedis
393 3186 685 3268 recipere
722 3185 1015 3249 valeatis,
1080 3185 1285 3251 Porro
1318 3187 1373 3250 si
1405 3186 1689 3268 episcopi
1727 3185 1828 3249 vel
1868 3185 1977 3269 alij
2015 3184 2432 3249 ecclesiarum
2462 3188 2747 3248 rectores

193 3296 311 3355 etc.
346 3314 557 3375 usque
587 3291 991 3356 irritandam.
1052 3291 1186 3356 Nec
1216 3291 1346 3357 ulle
1377 3291 1594 3356 littere
1628 3297 1747 3356 etc.
1781 3312 1988 3374 usque
2027 3291 2381 3374 impetrari.
2438 3290 2750 3354 Preterea

192 3417 334 3461 cum
391 3419 730 3464 commune
775 3398 1194 3463 interdictum
1242 3404 1362 3463 etc.
1421 3420 1628 3482 usque
1676 3398 2023 3463 celebrare.
2114 3397 2275 3461 Paci
2322 3418 2577 3480 quoque
2625 3402 2746 3460 etc.

105 3534 108 3539 ·
195 3524 396 3586 usque
445 3525 764 3570 exercere.
858 3505 1171 3570 Preterea
1217 3526 1437 3570 omnes
1468 3504 1804 3569 libertates
1838 3509 1957 3569 etc.
2008 3525 2214 3586 usque
2262 3504 2746 3569 communimus,

193 3608 614 3676 Decernimus
649 3617 769 3680 etc.
805 3633 1010 3694 usque
1056 3610 1415 3694 profutura.
1491 3609 1686 3675 Salva
1728 3611 1899 3675 sedis
1938 3610 2291 3693 apostolice
2338 3610 2746 3675 auctoritate.

193 3713 260 3779 Si
307 3738 439 3799 qua
487 3724 608 3783 etc.
657 3739 866 3801 usque
911 3718 980 3782 in
1025 3717 1237 3782 finem.

451 4019 470 4109 ΙΙ
506 4020 884 4085 Dominus
949 4018 1311 4084 Urbanus
1375 4020 1619 4103 papa2
1685 4019 2073 4084 concessit
2135 4017 2269 4082 has
2335 4019 2747 4101 indulgen·
2787 4027 2902 4082 Fol.
2946 4026 3064 4080 32¹³.

549 4126 694 4191 tias
743 4124 1430 4191 Cisterciensibus.

362 4284 865 4351 Venerabilibus
924 4285 1235 4351 fratribus
1278 4335 1291 4350 .
1335 4335 1348 4349 .
1391 4286 1893 4369 archiepiscopis
1958 4291 2024 4350 et
2063 4335 2076 4349 .
2121 4335 2134 4349 .
2177 4286 2497 4368 episcopis
2546 4291 2611 4349 et
2659 4285 2750 4348 di-

195 4385 373 4455 lectis
434 4391 588 4476 filijs
630 4442 644 4457 .
687 4441 701 4456 .
742 4391 1093 4458 abbatibus
1149 4396 1271 4457 etc.
1363 4391 1644 4457 Dilecti3
1707 4390 1820 4475 filij
1866 4441 1880 4456 .
1923 4441 1937 4456 .
1980 4391 2184 4457 abbas
2233 4391 2523 4474 Cistercij
2584 4392 2749 4456 eius-

365 4587 383 4619 ¹
421 4587 547 4643 Von
586 4588 874 4643 derselben
911 4588 1080 4643 Hand
1117 4588 1258 4644 iiber
1294 4589 1394 4642 der
1430 4587 1595 4642 Zeile.
1764 4587 1785 4619 ²
1820 4588 2012 4643 Liicke
2049 4587 2140 4643 fiir
2176 4589 2264 4645 die
2303 4587 2744 4663 Ordnungszahl.

202 4669 221 4700 ⁸
254 4671 503 4732 Dariiber
544 4682 587 4730 1.
625 4679 684 4733 in
719 4683 867 4734 rotet
902 4677 1122 4733 Schrift.
