3242 5184
1228 281 1715 344 Μ-193ψ-

209 459 337 523 sine
394 457 779 540 rumoribus,
845 457 1430 538 cachinationibuS,
1465 457 2001 539 sibilationibuS,
2051 458 2588 541 restrictionibus,
2636 460 2753 524 im-

208 564 601 648 pulsionibus
651 570 716 629 01
745 563 1149 629 ‘clamoribus
1206 561 1547 656 superfluis
1596 563 2136 647 quibuscumque,
2197 586 2278 630 ne
2332 565 2584 631 lectura
2639 588 2755 632 seu

206 672 471 737 lectores
517 670 755 754 prefati
799 672 866 735 in
922 672 1297 737 executione
1350 671 1554 755 ipsius
1610 670 1855 735 lecture
1902 693 2017 735 seu
2072 671 2180 755 alij
2242 671 2578 738 audientes
2633 673 2754 738 ibi-

208 779 345 844 dem
392 779 462 843 in
508 777 828 843 audiendo
873 777 1169 843 valeant1
1217 777 1703 861 quomodolibet
1745 771 2063 861 impediri.

379 883 508 966 Qui
571 907 722 950 vero
779 905 962 949 secus
1020 886 1296 968 egerint,
1352 907 1471 968 per
1534 886 1859 950 notarium
1914 884 2239 951 audientie
2293 908 2411 969 per
2464 888 2755 953 vicecan-

208 993 537 1058 cellarium
573 992 814 1058 ibidem
847 992 1246 1076 deputatum,
1297 992 1380 1057 ad
1418 993 1907 1075 requisitionem
1952 992 2267 1059 lectorum
2314 994 2647 1077 signentur
2693 1003 2759 1061 et

207 1123 315 1184 pro
372 1100 668 1183 qualibet
728 1101 866 1165 vice
888 1150 904 1182 ,
964 1121 1095 1183 qua
1141 1100 1379 1181 signati
1425 1098 1698 1182 fuerint,
1756 1122 1955 1165 unum
2010 1099 2451 1167 Turonensem
2506 1104 2758 1185 argenti

207 1207 449 1273 solvere
495 1213 858 1289 teneantur,
927 1213 995 1271 et
1045 1207 1183 1288 ille,
1251 1207 1363 1289 qui
1424 1212 1525 1271 ter
1586 1213 1883 1290 repertus
1937 1206 2134 1272 fuerit
2185 1209 2253 1272 in
2298 1230 2533 1293 penam
2578 1209 2758 1274 illam

207 1315 527 1396 incidisse,
576 1321 795 1398 preter
841 1314 1224 1378 solutionem
1258 1313 1577 1378 dictorum
1613 1314 1811 1378 trium
1848 1313 2339 1398 Turonensium,
2388 1337 2584 1398 quam
2630 1339 2759 1382 non

207 1420 486 1504 effugiat,
534 1443 651 1504 per
695 1443 894 1486 unum
940 1442 1179 1485 annum
1227 1419 1306 1485 de
1354 1421 1687 1485 audientia
1733 1443 1808 1486 eo
1854 1422 1996 1504 ipso
2034 1422 2275 1488 sentiat
2320 1444 2388 1487 se
2421 1422 2759 1506 expulsum

209 1533 269 1591 et
310 1527 495 1592 100113
541 1550 696 1593 311113
745 1529 934 1593 alteri
978 1528 1238 1592 interim
1285 1528 1668 1612 assignetur.

384 1632 571 1715 Quod
627 1626 793 1699 ‘dicti
856 1639 1308 1718 procuratores
1373 1657 1492 1718 pro
1558 1636 1876 1700 solutione
1942 1625 2159 1719 salarij
2222 1637 2345 1701 sibi
2394 1636 2597 1702 debiti
2641 1660 2759 1721 pro

204 1740 441 1806 litteris
489 1742 860 1824 apostolicis
906 1742 1330 1825 impetrandis
1375 1742 1630 1824 possint
1675 1741 1753 1806 de
1799 1741 1927 1806 illis
1985 1764 2062 1807 ex
2099 1742 2468 1809 huiusmodi
2503 1744 2757 1826 litteriS,

207 1869 330 1930 que
378 1847 680 1914 videlicet
723 1848 1146 1930 taxabuntur,
1208 1848 1290 1913 ab
1346 1871 1475 1913 uno
1522 1848 1884 1914 Turonensi
1939 1850 2190 1932 argenti
2244 1872 2449 1934 usque
2505 1852 2588 1916 ad
2649 1873 2762 1916 sex

206 1960 461 2019 tantum
506 1956 813 2039 recipere,
862 1961 1177 2039 quantum
1224 1956 1596 2020 earumdem
1643 1956 1951 2021 ascendet
1995 1958 2240 2023 taxatio
2286 1959 2669 2024 litterarum.

384 2061 514 2128 Pro
570 2062 715 2145 alijs
774 2084 924 2127 vero
971 2063 1206 2149 litteris
1255 2084 1295 2127 a
1342 2085 1455 2128 sex
1500 2051 1985 2129 Turonensibus
2042 2086 2246 2147 usque
2294 2064 2378 2128 ad
2425 2065 2763 2131 duodecim

204 2167 615 2249 Turonenses
662 2164 962 2234 taxandis
1012 2192 1125 2234 sex
1171 2170 1511 2235 dumtaxat
1554 2171 1828 2254 recipiat
1882 2171 2123 2236 similes
2170 2171 2600 2253 Turonenses,
2649 2170 2764 2237 sed

202 2298 323 2360 pro
345 2276 493 2359 alijs
525 2276 779 2359 litteris,
802 2297 965 2359 quas
997 2277 1168 2341 ultra
1201 2277 1536 2343 duodecim
1568 2276 1978 2342 Turonenses
2010 2280 2223 2343 taxari
2255 2280 2599 2361 continget,
2621 2284 2762 2343 tan-

203 2389 345 2448 tum
391 2385 679 2467 recipere
716 2385 988 2468 possint,
1038 2390 1354 2467 quantum
1404 2384 1713 2454 ascendet
1756 2385 2105 2450 taxationis
2154 2407 2378 2451 earum
2424 2385 2761 2468 11101110133,

204 2496 274 2556 01
321 2513 452 2556 11011
497 2490 690 2555 ultra.

387 2596 632 2679 Quodsi
697 2599 1089 2663 contrarium
1154 2599 1458 2679 fecerint,
1527 2598 1794 2682 duplum
1860 2600 2034 2681 eius,
2101 2599 2273 2683 quod
2344 2600 2519 2666 ultra
2589 2622 2763 2667 rece-

200 2705 441 2789 perint,
475 2705 814 2770 restituere
847 2706 1331 2789 compellantur.
1395 2704 1485 2769 Et
1516 2706 1571 2769 si
1599 2705 1967 2771 huiusmodi
2006 2729 2339 2773 excessum
2376 2708 2762 2790 continuet2,

203 2812 286 2877 de
324 2812 347 2900 ΙΙ
384 2812 717 2876 audientia
761 2812 906 2894 ipsa
951 2812 1242 2876 totaliter
1288 2812 1667 2895 expellatur.
2821 2852 2941 2909 Pol·
2962 2858 3059 2908 101
3075 2853 3117 2904 „-

389 2916 577 3000 Quod
629 2925 1084 3001 procuratores
1142 2920 1208 2983 in
1263 2919 1490 2984 eadem
1546 2920 1878 2985 audientia
1931 2921 2142 2986 locum
2198 2921 2511 2988 habentes
2566 2922 2767 2987 nichil

203 3026 469 3091 omnino
515 3026 834 3108 recipiant
876 3027 1127 3091 ratione
1174 3027 1647 3109 impetrationis
1705 3049 1819 3093 seu
1872 3029 2343 3111 procurationis
2402 3029 2767 3095 litterarum

204 3132 617 3199 dominorum
651 3154 933 3215 suorum,
970 3136 1065 3219 [a]
1100 3133 1336 3216 quibus
1370 3135 1500 3197 sint
1531 3156 1650 3198 sua
1682 3140 1905 3199 taxata
1934 3135 2037 3199 vel
2077 3134 2362 3200 taxanda
2394 3136 2636 3201 salaria
2664 3159 2765 3202 re-

204 3239 482 3321 cepturi.
575 3238 665 3303 Et
695 3241 750 3303 si
782 3240 1026 3323 aliquid
1057 3240 1207 3305 inde
1240 3240 1458 3305 forsan
1498 3241 1885 3323 reciperent,
1934 3247 2141 3307 totum
2172 3242 2259 3323 id,
2308 3243 2482 3326 quod
2528 3242 2765 3308 exinde

201 3346 592 3428 receperint,
643 3345 721 3410 de
769 3347 1008 3412 salario
1057 3346 1182 3411 sibi
1230 3347 1448 3412 debito
1496 3347 1894 3413 detrahatur.

392 3451 579 3535 Quod
642 3453 857 3517 nullus
923 3454 1294 3520 eorumdem
1357 3460 1890 3538 procuratorum,
1970 3462 2316 3539 postquam
2388 3457 2765 3522 mandatum

202 3559 531 3642 receperit
573 3559 679 3631 vel,
718 3562 1212 3643 promissionem
1257 3562 1614 3645 simplicem
1660 3562 1833 3643 parti
1876 3561 2104 3627 fecerit
2146 3563 2228 3629 de
2266 3564 2487 3630 littera
2516 3564 2766 3629 bullata

204 3665 335 3730 sibi
380 3665 484 3730 vel
531 3665 612 3729 ad
661 3666 898 3731 dictam
946 3668 1341 3733 audientiam
1377 3667 1791 3751 reportanda,
1825 3669 2111 3734 litteram
2144 3670 2415 3735 eandem
2449 3671 2767 3755 duplicari

205 3773 410 3837 faciat
465 3793 579 3836 seu
632 3774 1057 3857 principalem
1111 3776 1211 3839 vel
1267 3777 1560 3858 quamvis
1618 3776 1816 3840 alium
1872 3776 1955 3840 ad
2012 3777 2079 3841 id
2136 3778 2455 3861 agendum
2500 3778 2765 3843 inducat

206 3886 326 3944 aut
356 3886 540 3944 extra
569 3880 932 3946 Romanam
965 3883 1217 3950 curiam⁴
1247 3885 1503 3948 mittere
1552 3883 1842 3948 litteram
1887 3884 2096 3967 ipsam
2141 3907 2257 3968 per
2304 3907 2373 3951 se
2419 3887 2521 3951 vel
2567 3885 2764 3950 alium

207 3987 665 4068 quoquomodo
711 3995 1062 4071 presumat,
1112 3989 1315 4055 donec
1360 3992 1542 4055 iuxta
1586 3990 1964 4055 mandatum
1994 3992 2097 4057 vel
2125 3993 2515 4075 promissum
2546 3992 2763 4056 huius-

206 4092 387 4157 modi
449 4094 735 4159 litteram
799 4096 1008 4178 ipsam
1072 4097 1535 4179 reportaverit,
1611 4103 1685 4161 ut
1747 4102 2022 4162 tenetur.
2135 4097 2544 4164 Contrarium
2612 4121 2764 4164 vero

207 4199 455 4264 faciens
505 4200 583 4264 de
630 4201 960 4266 audientia
1003 4203 1296 4285 predicta
1340 4210 1654 4287 perpetuo
1703 4204 2079 4288 expellatur.

392 4305 578 4389 Quod
609 4308 824 4373 nullus
847 4308 1165 4374 dictorum
1184 4316 1677 4393 procuratorum
1695 4311 1983 4376 litteram
2004 4310 2207 4394 „Post
2222 4313 2349 4377 iter
2368 4316 2761 4397 arreptum“,

393 4557 411 4589 ¹
437 4557 672 4612 Hdschr.
698 4558 903 4614 valeat.
959 4559 1187 4614 lectores
1214 4560 1328 4613 und
1360 4559 1570 4615 lectura
1594 4562 1653 4614 in
1682 4561 1780 4615 der
1800 4561 2032 4615 Hdschr.
2052 4563 2384 4618 vertauscht.
2494 4563 2516 4594 ²
2530 4563 2763 4618 Hdschr.

212 4648 485 4701 continue.

319 4752 507 4803 ERLER,
547 4753 712 4794 Theod.
745 4753 800 4794 110
827 4753 987 4803 Nyem.
2275 4747 2337 4793 13
