3242 5184
1559 301 2047 363 -180-

781 512 1127 577 Rubrica
1158 511 1311 596 (10111
1345 510 2026 578 abbreviatoribus
2058 513 2498 578 litterarum
2529 515 3081 595 gratiosarum,

693 654 864 720 Sane
910 676 1143 721 vacare
1173 677 1302 719 non
1338 655 1594 720 videtur
1640 678 1681 721 a
1725 657 2085 721 ministerio
2131 657 2425 737 rationiS,
2474 656 2649 739 quod
2679 657 2921 722 horum
2955 664 3083 722 sta-

514 768 802 827 tutorum
877 768 943 827 et
1007 762 1489 827 ordinationum
1555 768 1771 828 certus
1845 764 2026 846 vigor
2075 766 2169 827 'et
2246 762 2510 829 effectus
2589 764 3084 830 abbreviatores

511 875 813 934 notarum
859 870 1293 952 gratiosarum
1339 876 1406 934 et
1450 869 1726 934 aliarum
1786 870 2186 952 litterarum,
2254 891 2380 953 que
2443 891 2562 954 per
2624 872 2984 955 petitiones
3047 894 3085 936 a

510 977 700 1041 nobis
747 977 1036 1059 signatas
1084 976 1550 1060 expediuntur,
1601 977 1971 1061 specialiter
2016 977 2566 1061 comprehendant
2588 1028 2603 1059 ,
2652 985 2726 1042 ut
2775 978 3086 1043 videlicet

511 1084 579 1147 in
626 1083 1031 1149 ordinatione
1061 1082 1430 1148 huiusmodi
1461 1090 1761 1148 notarum
1795 1104 2015 1148 curam
2052 1083 2407 1149 adhibeant
2452 1084 2832 1168 diligentem
2879 1086 3083 1168 quod-

511 1211 639 1272 que
684 1189 1172 1256 abbreviatores
1218 1190 1345 1274 ipsi
1391 1213 1508 1274 pro
1556 1192 1730 1255 notis
1763 1190 2132 1255 huiusmodi
2166 1192 2473 1256 salarium
2505 1192 2830 1275 recipiant
2862 1191 3080 1257 mode·

509 1302 745 1362 ratum,

687 1403 1052 1469 Statuimus
1099 1405 1321 1486 itaque
1369 1426 1446 1469 ac
1493 1406 1694 1470 etiam
1742 1404 2136 1487 ordinamuS,
2186 1405 2359 1488 quod
2407 1406 2532 1489 ipsi
2580 1406 3080 1471 abbreviatores

509 1533 626 1595 pro
673 1517 831 1576 nota
877 1510 1175 1576 facienda
1222 1511 1300 1575 de
1348 1510 1655 1576 benefitio
1704 1512 2143 1577 ecclesiastico
2192 1534 2337 1576 cum
2385 1534 2542 1577 cura
2585 1513 2688 1577 vel
2736 1514 2887 1578 sine
2928 1535 3080 1578 cura

506 1620 609 1682 vel
655 1617 735 1683 de
783 1619 1168 1683 canonicatu
1216 1625 1282 1683 et
1326 1618 1659 1702 prebenda
1704 1619 2090 1683 vacantibus
2128 1619 2230 1684 vel
2260 1620 2586 1685 vacaturis
2619 1641 2696 1684 ac
2728 1620 3076 1704 dignitate,

506 1730 861 1808 personatu
907 1725 1009 1789 vel
1055 1725 1349 1809 prioratu
1395 1746 1511 1791 3011
1557 1725 1763 1790 offitio
1811 1731 1927 1790 aut
1973 1727 2538 1792 administratione
2586 1725 2779 1791 simul
2832 1728 2906 1791 in
2953 1749 3079 1793 11113

506 1838 664 1897 nota
706 1832 808 1897 vel
856 1833 1207 1916 separatim
1254 1833 1320 1896 in
1369 1832 1642 1915 duabus,
1691 1833 1897 1897 eciam
1946 1834 2002 1897 si
2048 1834 2488 1899 conventualis
2536 1835 2778 1899 existat
2830 1855 2951 1900 seu
2998 1835 3079 1899 ad

505 1938 684 2003 illam
730 1939 832 2004 vel
877 1938 1059 2003 illum
1107 1940 1512 2005 consueverit
1557 1941 1703 2022 quis
1760 1961 1877 2024 per
1930 1940 2311 2005 electionem
2368 1942 2638 2022 assumi,
2705 1941 2812 2006 vel
2871 1942 3077 2007 eciam

507 2045 587 2111 de
632 2046 1219 2130 permutationibus
1268 2046 1586 2111 dictorum
1635 2046 2105 2129 benefitiorum,
2154 2048 2280 2111 nisi
2328 2047 2613 2112 clausule
2659 2048 2932 2113 insolite
2979 2049 3076 2113 vel

506 2153 669 2217 alias
704 2152 999 2218 difficiles
1030 2153 1123 2217 ibi
1169 2152 1429 2234 fuerint,
1479 2158 1553 2218 ut
1598 2153 2178 2237 dispensationum,
2226 2155 2741 2219 reservationum
2790 2157 2896 2219 vel
2927 2177 3073 2220 nar-

504 2254 674 2325 ratio
712 2260 990 2326 aliarum
1021 2261 1378 2343 gratiarum
1414 2260 1515 2326 vel
1552 2261 1911 2325 vacationis
1960 2268 2075 2325 aut
2111 2261 2587 2342 reservationis,
2620 2282 2741 2345 pro
2777 2261 3075 2344 qualibet

504 2373 662 2431 nota
709 2366 1047 2432 duodecim
1078 2367 1550 2433 Turonensium
1599 2369 1852 2449 argenti
1897 2389 2015 2452 pro
2064 2389 2287 2432 eorum
2320 2369 2556 2433 salario
2590 2369 2722 2431 sint
2754 2370 3067 2433 contenti.

681 2528 783 2594 De
814 2528 1181 2594 confessore
1215 2528 1508 2613 eligendo
1542 2528 1923 2611 simpliciter
1953 2528 2053 2594 vel
2084 2530 2281 2593 etiam
2314 2529 2381 2593 in
2413 2528 2672 2593 casibus
2692 2530 3065 2595 reservatis,

684 2635 787 2701 De
831 2634 1235 2719 indulgentia
1278 2636 1591 2720 plenaria,

680 2742 781 2806 De
828 2742 1023 2807 altari
1069 2743 1381 2827 portatili,

679 2848 781 2914 De
829 2848 1273 2915 celebracione
1319 2850 1516 2914 misse
1564 2855 1716 2914 ante
1761 2848 1991 2913 lucem,

679 2955 781 3021 De
829 2957 1251 3021 sacramentis
1299 2956 1759 3021 ecclesiasticis
1807 2955 2274 3020 ministrandis,

679 3063 781 3129 De
829 3062 1169 3129 audiendis
1216 3063 1450 3128 divinis
1494 3063 1564 3127 in
1609 3062 1754 3128 loco
1799 3061 2167 3127 interdicto,

679 3170 779 3235 De
825 3170 1098 3236 licencia
1142 3169 1487 3236 recedendi
1532 3191 1651 3253 pro
1698 3169 1951 3254 prelato
2000 3175 2377 3234 consecrato
2425 3169 2525 3235 vel
2572 3170 2939 3239 benedicto.

678 3277 780 3342 De
824 3278 1088 3343 licentia
1133 3276 1539 3362 ingrediendi
1585 3277 1981 3341 monasteria
2028 3297 2174 3340 cum
2220 3276 2415 3341 certis
2462 3277 2778 3360 personis,

677 3384 779 3450 De
828 3384 1233 3450 absolutione
1282 3407 1324 3449 a
1372 3384 1712 3467 sententijs
1750 3382 2485 3448 excommunicationum
2526 3382 2677 3448 latis
2724 3405 2766 3448 a
2814 3405 3059 3449 canone

502 3493 699 3558 etiam
745 3493 813 3556 in
860 3490 1121 3557 casibus
1169 3492 1532 3560 reservatis,

678 3599 779 3663 De
824 3598 1089 3664 licentia
1134 3586 1487 3684 recipiendi
1534 3604 1869 3663 tonsuram
1915 3599 2018 3663 vel
2065 3597 2226 3662 alios
2275 3596 2553 3662 ordines,

678 3707 780 3771 De
821 3705 1112 3789 licencia,
1161 3706 1335 3790 quod
1374 3707 1518 3790 quis
1551 3727 1682 3769 non
1712 3710 2013 3770 teneatur
2043 3704 2404 3788 promoveri
2442 3724 2647 3787 usque
2694 3705 2778 3769 ad
2812 3704 3052 3770 'certum

500 3821 757 3898 tempus
802 3813 1055 3879 ratione
1102 3813 1419 3898 beneficij.

678 3920 779 3986 De
808 3920 1091 4003 licentia,
1114 3921 1286 4004 quod
1319 3922 1463 4005 quis
1491 3942 1620 3987 non
1641 3926 1944 3986 teneatur
1961 3919 2028 3983 in
2047 3918 2436 4003 parrochiali
2457 3918 2731 3984 ecclesia
2751 3917 3046 3984 residere,

679 4029 779 4094 De
824 4028 1100 4093 licencia
1145 4028 1523 4094 comedendi
1571 4048 1799 4093 carnes
1847 4048 1964 4111 pro
2012 4025 2353 4108 religiosis,

677 4136 778 4201 De
823 4136 1087 4200 licentia
1133 4135 1330 4200 simili
1375 4157 1492 4221 pro
1541 4133 1942 4200 secularibus
1989 4131 2390 4216 temporibus
2437 4130 2800 4216 prohibitis,

677 4244 779 4309 De
822 4244 1095 4309 licencia
1140 4241 1445 4309 audiendi
1490 4241 1670 4326 leges
1715 4261 1923 4324 usque
1970 4239 2055 4304 ad
2101 4245 2348 4304 certum
2394 4244 2672 4323 tempus,

678 4352 780 4417 De
825 4351 1350 4417 reconciliatione
1397 4350 1895 4433 cymiteriorum,

683 4585 701 4616 ¹
739 4583 848 4639 Die
884 4589 1027 4639 erste
1064 4583 1213 4638 Zeile
1251 4582 1350 4637 der
1385 4580 1698 4636 Aufschrift
1734 4598 1825 4636 am
1863 4580 2021 4635 Ende
2059 4580 2155 4634 des
2193 4575 2697 4649 vorhergehenden,
2736 4577 2825 4632 die
2858 4574 3037 4631 zweite

501 4692 592 4728 am
631 4673 787 4728 Ende
824 4674 922 4727 der
958 4677 1140 4728 ersten
1176 4671 1326 4726 Zeile
1364 4671 1461 4725 des
1496 4688 1679 4726 neuen
1717 4669 2057 4737 AbschnittS.
