3242 5184
1254 286 1743 348 --159--

212 460 475 525 eosdem
507 480 629 524 nec
660 460 815 525 alibi
861 465 931 526 se
979 468 1313 545 occupent,
1361 463 1487 526 nisi
1519 484 1559 527 a
1604 463 1791 527 nobis
1839 463 1940 526 vel
1987 483 2028 526 a
2074 461 2262 526 dictis
2310 461 2769 545 cardinalibuS,

211 588 494 649 quorum
541 565 913 649 familiares,
963 574 1036 632 ut
1079 567 1422 651 prefertur,
1473 570 1778 651 existunt,
1828 569 2198 652 specialiter
2239 575 2643 634 vocarentur.

393 673 564 738 Item
612 674 786 755 quod
832 674 1160 740 auditores
1207 675 1336 758 ipsi
1381 697 1498 759 per
1544 697 1613 740 se
1658 675 1761 739 vel
1808 675 2007 740 alium
2056 696 2171 740 seu
2210 674 2371 739 alios
2405 697 2446 739 a
2473 676 2770 759 partibus

211 802 433 845 coram
483 781 577 844 eis
624 802 890 849 causam
935 781 1327 846 habentibus
1376 804 1490 847 seu
1538 804 1579 847 a
1610 784 1747 847 suis
1780 783 2050 865 notarijs
2084 781 2520 846 scribentibus
2555 804 2771 847 coram

207 889 372 971 ipsis
421 888 524 953 vel
571 886 654 952 ab
702 888 848 971 alijs
894 910 1011 971 pro
1060 889 1304 954 eisdem
1351 910 1467 953 seu
1514 910 1737 955 eorum
1784 891 2042 955 nomine
2089 888 2287 953 nichil
2327 909 2447 953 nec
2479 909 2615 953 rem
2654 911 2772 954 nec

209 995 678 1078 obligationem
740 995 842 1061 vel
907 997 1399 1080 promissionem
1461 997 1783 1081 recipiant
1846 1018 1966 1061 nec
2025 997 2224 1061 etiam
2287 1017 2405 1079 pro
2481 996 2771 1078 ipsorum

209 1103 426 1185 sigillo
460 1108 579 1167 aut
607 1124 725 1186 pro
757 1102 1035 1168 rubricis
1066 1105 1134 1167 in
1167 1105 1401 1185 causis,
1449 1105 1518 1167 in
1550 1104 1787 1187 quibus
1822 1103 2153 1169 auditores
2186 1108 2339 1166 sunt
2384 1102 2486 1167 vel
2530 1102 2772 1168 fuerint

210 1210 542 1294 deputati,
609 1209 710 1275 vel
766 1210 892 1274 alio
949 1211 1203 1293 quesito
1251 1210 1465 1275 colore
1512 1232 1952 1293 quocumque,
2020 1216 2087 1276 et
2132 1209 2305 1293 quod
2353 1208 2622 1274 consilia
2666 1231 2769 1275 co-

206 1317 585 1382 auditorum
633 1322 877 1382 secrete
924 1317 1081 1382 data
1127 1324 1373 1383 secrete
1420 1324 1642 1383 tenere
1692 1318 2012 1384 debeant2
2056 1337 2263 1400 usque
2312 1321 2463 1399 post
2514 1322 2769 1382 senten-

205 1426 372 1489 tiam
429 1424 927 1507 promulgatam.
1022 1424 1436 1490 Contrarium
1489 1445 1641 1489 vero
1698 1423 2009 1489 facientes
2065 1445 2182 1507 per
2235 1442 2437 1486 unum
2482 1444 2770 1488 mensem

204 1532 292 1596 ab
357 1532 658 1613 ingressu
719 1531 1007 1596 eiusdem
1071 1532 1338 1615 palatii
1375 1532 1875 1615 suspendantur.
1988 1530 2057 1596 Si
2121 1535 2339 1595 autem
2403 1531 2636 1595 iterato
2702 1532 2769 1594 in

204 1637 484 1703 eandem
532 1638 789 1720 culpam
834 1638 1198 1720 inciderint,
1246 1640 1581 1723 priventur
1626 1645 1940 1724 perpetuo
1987 1638 2200 1703 officio
2248 1635 2579 1702 audientie
2618 1659 2769 1701 cau·

203 1767 431 1810 sarum
479 1744 704 1828 palatij
755 1744 1086 1829 prelibati.

387 1851 559 1917 Item
616 1851 789 1933 quod
845 1851 1173 1917 auditores
1229 1853 1506 1936 predicti
1559 1859 1895 1936 presentes
1963 1858 2029 1918 et
2082 1852 2327 1936 posteri
2350 1901 2365 1932 ,
2431 1857 2766 1934 presentes

200 1958 512 2024 videlicet
559 1959 784 2023 statim
809 1964 833 2043 ΙΙ
858 1965 1007 2043 post
1060 1959 1566 2042 publicationem
1622 1962 1943 2044 presentis
2002 1958 2461 2040 ordinacionis,
2517 1960 2763 2042 posteri

203 2087 384 2147 vero,
434 2071 786 2149 antequam
835 2065 917 2130 ad
966 2065 1241 2130 offitium
1289 2066 1746 2148 admittantur,
1794 2068 1863 2132 in
1907 2066 2207 2132 manibus
2254 2064 2761 2148 vicecancellarij

203 2179 433 2236 sancte
470 2170 762 2236 Romane
810 2172 1080 2237 ecclesie
1125 2179 1349 2237 nostro
1397 2179 1462 2237 et
1506 2174 1710 2256 ipsius
1758 2175 2027 2239 ecclesie
2073 2174 2330 2238 nomine
2375 2172 2765 2255 recipientis,

202 2281 647 2343 iuramentum
693 2285 986 2363 prestent
1030 2281 1096 2343 in
1143 2268 1350 2344 forma
1373 2330 1388 2361 ,
1438 2300 1564 2361 que
1612 2282 1907 2362 sequitur
1950 2302 2066 2365 per
2110 2280 2229 2345 hec
2275 2279 2507 2344 verba:

483 2546 758 2611 Forma
803 2547 1218 2610 iuramenti
1265 2546 1720 2611 auditorum.
1758 2553 1781 2590 2

387 2705 529 2789 Ego
593 2707 734 2771 iuro
785 2757 798 2771 .
837 2757 850 2771 .
900 2707 1159 2771 auditor
1215 2707 1298 2771 ab
1353 2706 1476 2771 hac
1530 2707 1694 2771 hora
1748 2709 1815 2771 in
1872 2714 2067 2773 antea
2129 2708 2339 2774 fidelis
2405 2731 2514 2774 ero
2571 2710 2763 2774 beato

203 2813 406 2878 Petro
464 2821 815 2896 sancteque
860 2813 1153 2879 Romane
1210 2815 1479 2879 ecclesie
1536 2821 1602 2879 et
1656 2815 1916 2879 domino
1973 2836 2113 2879 meo
2170 2816 2430 2881 domino
2480 2867 2494 2882 .
2532 2867 2546 2881 .
2594 2839 2762 2902 pape

204 2922 479 3002 eiusque
527 2921 1009 2986 successoribus
1058 2923 1365 2986 canonice
1411 2920 1826 2986 intrantibus.
1910 2920 2055 2986 Non
2102 2942 2211 2987 ero
2257 2923 2326 2986 in
2370 2923 2563 3005 facto,
2613 2946 2762 2989 con-

203 3027 355 3092 silio
400 3027 503 3092 vel
550 3049 888 3110 consensu,
938 3028 1113 3111 quod
1158 3030 1357 3093 vitam
1402 3028 1681 3112 perdant
1726 3034 1842 3093 aut
1886 3028 2225 3094 menbrum
2271 3030 2371 3094 vel
2420 3031 2763 3113 capiantur

200 3133 383 3199 mala
413 3136 729 3218 captione.
810 3135 1184 3217 Consilium,
1220 3134 1394 3218 quod
1424 3156 1543 3218 per
1580 3156 1650 3200 se
1681 3136 1781 3199 vel
1811 3137 2108 3201 nuntium
2142 3158 2329 3202 suum
2361 3157 2480 3220 per
2507 3138 2759 3202 litteras

203 3240 407 3306 michi
462 3241 770 3306 credituri
826 3249 1003 3324 sunt,
1072 3244 1283 3324 signo,
1349 3241 1544 3306 verbo
1601 3242 1704 3306 vel
1752 3248 1920 3306 ‘nutu
1966 3264 2069 3307 me
2118 3243 2361 3308 sciente
2408 3244 2491 3308 ad
2539 3265 2760 3309 eorum

204 3348 516 3412 damnum
564 3370 678 3413 seu
723 3349 1150 3433 preiudicium
1197 3349 1357 3413 nulli
1404 3348 1687 3432 pandam
1736 3355 1800 3413 et
1845 3350 2224 3433 simpliciter
2272 3351 2364 3413 310
2421 3371 2567 3433 3113,
2635 3371 2760 3432 que

206 3461 465 3519 secreta
508 3476 651 3520 esse
699 3477 1074 3538 cognovero,
1124 3454 1394 3520 servabo
1442 3461 1711 3536 secreta,
1761 3455 1935 3537 quod
1981 3458 2143 3521 nulli
2175 3478 2468 3541 persone,
2519 3457 2597 3522 de
2631 3479 2761 3540 qua

204 3561 469 3626 credam
501 3562 625 3627 sibi
660 3563 1021 3647 displicere,
1072 3565 1128 3627 si
1160 3564 1218 3627 ei
1250 3562 1621 3643 revelarem,
1671 3564 1814 3646 ipsa
1843 3563 2275 3629 manifestabo
2324 3565 2621 3630 scienter.
2691 3564 2759 3629 Si

206 3669 515 3734 damnum
563 3690 783 3734 eorum
829 3672 1100 3735 tractari
1147 3671 1421 3750 sciver0,
1479 3691 1596 3751 pro
1644 3692 1834 3754 posse
1879 3691 2023 3735 meo
2068 3670 2446 3755 impediam,
2496 3692 2575 3736 ne
2621 3670 2757 3735 fiat.

204 3773 398 3857 Quod
446 3776 499 3839 si
545 3797 662 3859 per
704 3799 809 3845 me
853 3778 1167 3862 impedire
1211 3798 1340 3840 non
1386 3797 1667 3859 possem,
1713 3798 1831 3860 per
1860 3779 2159 3842 nuntium
2205 3783 2322 3842 3111
2365 3778 2617 3842 litteras
2665 3780 2759 3842 eis

181 3881 574 3965 significare
631 3884 871 3950 curabo
929 3885 1028 3949 vel
1089 3882 1215 3965 illi,
1276 3887 1394 3966 p'er
1447 3903 1640 3965 quem
1695 3885 1878 3949 titius
1928 3885 2004 3970 [2]
2052 3885 2136 3949 ad
2182 3905 2404 3949 eorum
2450 3885 2757 3948 noticiam

206 3990 585 4055 deducatur.
664 3990 987 4076 Papatum
1017 3991 1385 4057 Romanum
1418 3995 1484 4055 et
1527 3990 1774 4073 regalia
1819 3991 1996 4056 beati
2027 3990 2208 4055 Petri
2255 3995 2322 4055 et
2367 3993 2584 4054 omnia
2613 3993 2760 4055 iura

204 4096 500 4162 Romane
555 4096 852 4181 ecclesie,
911 4119 1037 4182 que
1090 4097 1316 4179 habet,
1373 4095 1617 4179 ubique
1672 4097 2106 4162 manutenebo
2161 4098 2315 4161 totis
2379 4096 2625 4160 viribus
2692 4102 2760 4161 et

209 4203 570 4269 defendam.
663 4204 939 4287 Negotia
993 4210 1060 4270 et
1113 4203 1319 4268 offitia
1371 4204 1571 4267 michi
1622 4226 1662 4269 a
1718 4204 1976 4268 domino
2032 4224 2203 4287 papa
2259 4203 2361 4267 vel
2408 4204 2546 4267 eius
2592 4204 2757 4267 vice-

208 4311 596 4376 cancellario
662 4313 1006 4376 commissa
1068 4311 1169 4376 vel
1233 4310 1695 4374 committenda
1757 4308 2039 4375 fideliter
2093 4331 2313 4391 geram
2380 4315 2445 4373 et
2509 4310 2756 4373 solicite

208 4417 520 4483 exercebo
568 4423 635 4482 et
679 4418 1047 4501 specialiter
1096 4416 1374 4481 offitium
1429 4416 1746 4481 auditoris
1803 4416 1972 4480 sacri
2025 4416 2248 4499 palatij
2307 4417 2375 4479 in
2429 4415 2756 4481 reddendo

383 4653 401 4684 ¹
441 4649 677 4706 Hdsehr.
714 4651 930 4706 debeat.
1111 4650 1132 4681 ²
1170 4648 1328 4705 Ohne
1363 4649 1572 4704 Absatz
1609 4666 1700 4703 am
1738 4648 1894 4703 Ende
1932 4649 2031 4703 der
2066 4647 2554 4719 vorhergehenden
2590 4648 2753 4704 Zeile.

2816 1960 2935 2015 Fol.
2958 1965 3072 2013 82¹¹.
