3242 5184
146 1171 264 1224 Fol.
304 1175 372 1224 44
385 1179 423 1224 ⁸.

1532 344 1956 432 ÷s2--

468 543 673 605 versa,
724 525 898 606 quia,
949 524 1116 588 sicut
1147 543 1224 587 ex
1257 523 1438 605 gravi
1470 523 1737 603 querela
1783 521 2166 586 dilectorum
2210 520 2491 587 filiorum
2525 572 2540 587 .
2577 572 2591 587 .
2626 523 2926 604 magistri
2968 529 3033 587 et

465 631 742 695 fratrum
788 630 1129 713 hospitalis
1166 629 1668 694 Ierosolimitani
1716 628 2088 711 frequenter
2135 629 2496 694 audivimus
2519 680 2535 712 ,
2584 630 2878 694 nonnulli
2927 651 3029 694 ec-

466 738 806 802 clesiarum
862 737 1097 821 prelati
1144 744 1209 801 et
1272 736 1381 819 alij
1452 737 1697 813 clerici,
1764 757 1986 801 eorum
2050 737 2388 819 privilegia
2443 744 2684 801 temere
2743 744 3030 803 contem-

464 851 738 928 pnentes
771 852 837 910 et
874 845 1335 910 contendentes
1383 844 1706 909 malitiose
1753 866 1976 909 eorum
2023 850 2391 928 pervertere
2428 845 2852 927 intellectum,
2886 867 3029 909 eos-

467 953 615 1017 dem
660 952 1106 1036 multipliciter
1151 953 1535 1033 inquietant.
1629 950 1797 1015 Nam
1853 974 1998 1016 cum
2055 954 2141 1016 sit
2193 953 2352 1034 ipsis
2399 951 2721 1016 indultum
2743 1003 2759 1035 ,
2826 958 2901 1017 ut
2948 952 3029 1016 de

464 1060 801 1124 novalibus
827 1110 842 1141 ,
907 1080 1034 1142 que
1080 1058 1361 1142 proprijs
1411 1058 1714 1123 manibus
1762 1065 1875 1122 aut
1932 1058 2297 1141 sumptibus
2357 1061 2683 1140 excolunt,
2745 1061 2880 1124 sive
2948 1059 3029 1123 de

463 1169 646 1248 01118,
694 1167 992 1249 virgultis
1040 1173 1105 1230 et
1149 1166 1619 1248 piscationibus
1669 1168 1803 1231 suis
1842 1166 1943 1230 vel
1977 1165 2056 1230 de
2089 1187 2353 1230 suorum
2386 1166 3026 1255 animaliumf'nutri-

464 1275 720 1355 mentiS,
761 1273 976 1355 nullus
1010 1273 1093 1337 ab
1144 1275 1236 1337 eis
1280 1272 1563 1337 decimas
1606 1274 1863 1355 exigere
1904 1273 2006 1338 vel
2054 1280 2441 1356 extorquere
2480 1281 2834 1357 presumat,
2883 1277 3024 1356 qui-

464 1381 614 1445 dam
649 1402 952 1464 perverso
1001 1380 1336 1446 intellectu
1382 1379 1657 1445 conficto
1707 1379 2014 1462 dicentes,
2063 1380 2237 1462 quod
2284 1380 2403 1445 hec
2439 1403 2570 1445 non
2600 1389 2878 1464 possunt
2906 1402 3026 1446 nec

463 1487 703 1553 debent
747 1489 1042 1570 intelligi,
1091 1489 1216 1552 nisi
1256 1488 1336 1552 de
1368 1488 1517 1570 hijs,
1566 1508 1693 1570 que
1727 1495 1879 1551 sunt
1910 1495 2059 1553 ante
2091 1488 2392 1570 generale
2425 1489 2768 1552 consilium
2799 1491 3025 1572 acqui-

462 1597 609 1676 sita,
657 1597 834 1678 ipsos
882 1615 1077 1678 super
1123 1595 1248 1678 hijs
1281 1595 1623 1678 multiplici
1655 1597 1994 1660 vexatione
2027 1594 2323 1678 fatigant.
2403 1594 2536 1659 Nos
2568 1597 2769 1678 igitur
2799 1617 3026 1660 eorum

462 1703 665 1785 quieti
711 1708 988 1785 paterna
1034 1702 1447 1767 solicitudine
1492 1702 1831 1785 providere
1868 1702 2178 1784 volenteS,
2225 1704 2631 1767 universitati
2664 1709 2877 1767 vestre
2907 1724 3029 1787 per

462 1810 820 1891 apostolica
874 1811 1118 1892 scripta
1164 1807 1580 1890 mandamUS,
1632 1810 1938 1891 quatinus
1988 1808 2193 1874 dictos
2242 1808 2480 1875 statres
2527 1832 2568 1873 a
2612 1813 3029 1894 prestacione

462 1916 856 1981 decimarum
889 1923 1024 1980 tam
1074 1916 1151 1980 de
1183 1916 1705 1998 possessionibus
1737 1916 1979 1981 habitis
2014 1923 2163 1981 ante
2196 1917 2539 1982 concilium
2571 1924 3026 1995 memoratum,

461 2029 613 2088 ante
660 2024 833 2106 quod
882 2030 1307 2107 susceperunt
1351 2023 1642 2088 eiusdem
1690 2024 1934 2088 ordinis
1966 2025 2287 2105 instituta,
2338 2046 2534 2106 quam
2567 2024 2647 2088 de
2679 2025 3029 2089 novalibus

461 2132 593 2195 sive
627 2137 778 2195 ante
827 2133 959 2196 sive
1006 2138 1154 2213 post
1200 2129 1371 2195 idem
1420 2131 1761 2195 consilium
1809 2131 2167 2214 acquisitiS‚
2217 2152 2342 2214 que
2389 2132 2669 2215 proprijs
2717 2132 3033 2196 manibus

459 2242 574 2301 aut
618 2237 985 2320 sumptibus
1032 2237 1369 2319 excolunt,
1437 2238 1516 2301 de
1575 2237 1812 2320 quibus
1859 2223 2198 2302 novalibus
2246 2239 2482 2320 aliquis
2529 2239 2843 2303 hactenus
2891 2261 3032 2303 11011

458 2333 767 2427 percepit,
816 2366 1064 2409 necnon
1087 2343 1190 2409 ‘de
1239 2348 1417 2427 ortis,
1465 2346 1782 2428 virgultiS,
1829 2345 2298 2428 piscationibus
2347 2347 2482 2410 suis
2531 2352 2596 2409 et
2644 2345 2723 2410 de
2756 2368 3032 2410 suorum

459 2452 836 2516 animalium
900 2453 1311 2517 nutrimentis
1379 2453 1614 2534 singuli
1681 2458 1966 2517 vestrum
2032 2454 2292 2517 omnino
2348 2454 2616 2518 servetis
2676 2455 3027 2519 immunes,

459 2558 982 2624 Contradictores
1032 2566 1150 2624 etc.

725 2862 1111 2928 Eisdeml.
1188 2862 1320 2931 Sic
1364 2864 1692 2946 ponitur
1738 2864 1817 2928 in
1865 2863 2417 2953 salutaJJtione,
2465 2863 2777 2946 quando
2835 2885 3027 2929 con-

815 2970 1128 3035 ceditur
1190 2969 1666 3053 Templarijs
1733 2976 1810 3034 et
1874 2970 2457 3054 Hospitalarijs
2533 2970 3026 3037 Ierosolimi-

813 3077 1052 3158 taniS,
1102 3076 1190 3141 de
1237 3077 1692 3160 Altopassu‚
1740 3078 1758 3165 J
1805 3076 2076 3143 Sancti
2124 3077 2470 3160 Spiritus
2537 3077 2625 3141 de
2671 3076 2877 3143 Urbe
2945 3085 3028 3142 et

812 3183 1411 3250 Roscidevallis.
1514 3184 1591 3249 Si
1640 3205 1821 3249 vero
1868 3185 2053 3268 alijs
2110 3184 2618 3266 concedatur,
2666 3184 2765 3249 fit
2815 3206 3026 3250 men-

811 3292 924 3378 tio
962 3292 980 3379 JJ
1017 3291 1106 3356 de
1151 3313 1300 3356 una
1335 3292 1354 3381 JJ
1389 3291 1792 3376 provintia
1827 3292 1845 3381 JJ
1880 3297 2186 3356 tantum
2208 3292 2253 3359 2·

636 3450 781 3515 Non
845 3450 1096 3533 absque
1163 3451 1382 3517 dolore
1447 3452 1661 3517 cordis
1727 3458 1794 3516 et
1854 3451 2135 3535 plurima
2208 3452 2588 3518 turbacione
2654 3451 3022 3534 didicimus,

459 3557 629 3639 quod
689 3558 783 3621 ita
840 3558 909 3621 in
960 3558 1289 3640 plerisque
1343 3559 1641 3641 partibus
1674 3559 2141 3627 ,ecclesiastica
2196 3579 2470 3623 censura
2525 3558 2901 3623 dissolvitur
2954 3564 3027 3623 et

460 3665 767 3728 canonice
823 3666 1141 3729 sententie
1196 3667 1507 3731 severitas
1555 3673 1931 3748 enervatur,
1994 3672 2068 3729 ut
2111 3667 2231 3730 viri
2277 3666 2562 3748 religiosi
2616 3671 2684 3730 et
2735 3666 2823 3747 hij
2882 3687 3023 3730 ma-

458 3774 659 3854 xime,
708 3772 819 3854 qui
864 3792 982 3854 per
1028 3772 1200 3836 sedis
1257 3773 1610 3857 apostolice
1666 3774 2004 3856 privilegia
2065 3774 2295 3838 maiori
2351 3774 2576 3838 donati
2631 3778 2782 3837 sunt
2826 3773 3023 3838 liber-

459 3884 596 3944 tate
616 3929 631 3960 ,
696 3880 942 3962 passim
1006 3900 1046 3943 a
1110 3878 1638 3945 malefactoribus
1687 3883 1821 3946 suis
1869 3882 2141 3945 iniurias
2203 3882 2570 3949 sustineant
2622 3886 2690 3944 et
2733 3882 3022 3963 rapinaS,

461 3986 612 4052 dum
668 3989 774 4051 vix
827 3987 1170 4069 invenitur,
1238 3987 1350 4069 qui
1410 4008 1698 4070 congrua
1749 3987 1878 4052 illis
1935 3990 2339 4070 protectione
2395 3987 2736 4051 subveniat
2790 3992 2857 4052 et
2901 4009 3022 4070 pro

462 4092 737 4158 fovenda
773 4114 1134 4177 pauperum
1165 4095 1536 4159 innocentia
1568 4116 1637 4158 se
1675 4116 1930 4159 murum
1963 4094 2356 4159 defensionis
2388 4099 2692 4178 opponat.
2759 4093 3022 4177 Specia-

460 4200 611 4264 liter
656 4205 873 4266 autem
931 4201 1150 4266 dilecti
1205 4201 1319 4284 filij
1366 4251 1379 4266 .
1424 4251 1437 4266 .
1480 4201 1687 4266 abbas
1736 4207 1803 4266 et
1841 4251 1856 4265 .
1899 4251 1913 4266 .
1955 4200 2192 4266 fratres
2249 4201 2623 4284 monasterij
2668 4251 2683 4266 .
2726 4251 2740 4266 .
2782 4201 3022 4267 Cister-

461 4310 695 4373 cieusis
742 4308 1008 4391 ordiniS,
1056 4315 1191 4373 tam
1241 4309 1321 4373 de
1368 4308 1816 4390 frequentibus
1864 4308 2118 4391 iniurijs
2152 4329 2364 4391 quam
2396 4308 2476 4373 de
2514 4310 2655 4391 ipso
2694 4308 3021 4374 cotidiano

643 4540 661 4572 ¹
700 4541 808 4595 Die
836 4527 1182 4596 Uberschrift
1207 4541 1442 4612 beginnt
1476 4542 1619 4596 nach
1657 4541 2083 4596 contradictores
2119 4547 2219 4596 etc.
2289 4503 2292 4507 ·
2366 4542 2389 4573 ²
2423 4540 2532 4597 Die
2570 4542 2773 4596 letzten
2798 4541 3021 4597 Worter

461 4630 604 4684 nach
642 4632 848 4684 mentio
885 4631 1024 4700 sind,
1064 4631 1137 4685 da
1173 4631 1248 4684 im
1287 4630 1432 4685 Text
1468 4631 1565 4686 der
1602 4631 1760 4685 Platz
1797 4630 1983 4701 fehlte,
2022 4633 2079 4684 in
2117 4631 2233 4685 drei
2270 4630 2550 4685 Absatzen
2588 4631 2694 4686 auf
2724 4632 2832 4686 den
2857 4631 3017 4685 Raud

461 4719 835 4790 geschrieben.
