3242 5184
1308 230 1797 325 „211”

234 426 585 508 magister
629 424 891 490 Samuel
956 426 1035 490 de
1083 414 1401 490 Cremona
1465 431 1531 489 et
1593 426 1881 509 prestitit
1932 426 2368 495 iuramentum
2423 428 2491 492 in
2536 427 2834 493 manibus

235 532 439 596 meis
483 533 551 596 in
595 531 804 599 forma
848 531 1058 596 solita.

453 639 578 704 Die
633 639 919 704 secunda
964 637 1363 723 Septembris
1418 640 1660 704 iuravit
1715 641 2027 722 magister
2070 639 2148 705 F.
2197 639 2505 705 Ceruarie
2552 640 2836 705 officium

241 746 701 810 abreviatoris
750 767 1003 811 camere
1051 746 1294 810 domini
1338 746 1677 812 Francisci
1722 748 1981 830 notarij.

453 853 578 921 Die
638 851 858 917 VHII.
905 854 1148 919 mensis
1209 853 1456 936 Aprilis
1514 851 1931 935 pontificatus
1994 854 2237 918 domini
2294 855 2603 937 Bonifatij
2668 876 2838 938 pape

240 959 498 1027 VIIII.
532 981 701 1024 anno
733 960 1007 1042 septimo
1025 960 1047 998 1
1094 959 1173 1025 de
1204 961 1409 1043 ipsius
1456 959 1765 1026 mandato
1812 960 1937 1026 fuit
1980 967 2281 1044 receptus
2328 962 2395 1025 in
2433 962 2836 1027 advocatum

245 1067 790 1132 consistorialem
836 1067 1145 1149 magister
1198 1067 1591 1132 Benedictus
1650 1067 1729 1131 de
1782 1068 2108 1138 territorio
2165 1067 2565 1150 Sublacensi,
2614 1069 2837 1152 'legum

246 1174 520 1257 doctor,
569 1181 636 1238 et
678 1174 916 1238 iuravit
960 1174 1028 1237 in
1074 1173 1374 1238 manibus
1422 1174 1602 1238 meis,
1697 1174 1773 1238 B.
1822 1173 2175 1240 Francisci.

453 1279 578 1345 Die
617 1279 830 1345 XXV.
866 1279 1267 1363 Septembris
1315 1279 1733 1363 pontificatus
1781 1281 2025 1346 domini
2055 1281 2362 1365 Bonifatij
2413 1302 2581 1365 pape
2612 1280 2834 1347 VIIII.

250 1409 447 1451 anno
505 1388 780 1470 septimo
837 1388 916 1453 de
975 1389 1180 1470 ipsius
1241 1387 1549 1452 mandato
1608 1386 1734 1451 fuit
1793 1394 2092 1471 receptus
2138 1390 2207 1453 in
2253 1389 2639 1454 advocatum
2688 1411 2836 1455 con-

253 1495 667 1559 sistorialem
712 1494 1037 1560 Iohannes
1085 1494 1165 1559 de
1213 1493 1541 1577 Chempen
1585 1494 2102 1577 Maguntinensis
2152 1480 2426 1562 diocesis
2475 1502 2541 1560 et
2599 1497 2839 1562 iuravit

252 1601 336 1664 in
390 1601 690 1666 manibus
737 1603 920 1667 meis.
1012 1601 1088 1668 Β.
1137 1601 1493 1667 Francisci.
2595 1639 2600 1644 ·

456 1708 579 1773 Die
625 1709 781 1773 XII.
830 1708 1047 1793 Martij
1097 1707 1512 1792 pontificatus
1561 1708 1805 1774 domini
1850 1709 2159 1794 Bonifatij
2211 1732 2381 1776 anno
2430 1716 2656 1775 octavo
2713 1710 2838 1774 fuit

256 1821 577 1898 receptus
623 1817 692 1880 in
740 1816 1101 1881 auditorem
1148 1816 1371 1899 palatij
1423 1815 1727 1883 dominus
1774 1814 2178 1882 Bertrandus
2226 1817 2306 1882 de
2352 1818 2724 1883 Arvassano
2773 1824 2839 1882 et

254 1923 516 1988 iuravit
560 1921 845 1989 officium
890 1923 958 1987 in
1002 1921 1303 1987 manibus
1349 1924 1531 1987 meis·
1626 1923 1702 1989 B.
1752 1923 2105 1989 Francisci.
2534 1911 2537 1914 ⁴

452 2028 579 2094 Die
639 2029 932 2095 XXIIII.
981 2029 1199 2112 Martij
1263 2028 1680 2112 pontificatus
1738 2030 1979 2095 domini
2024 2029 2332 2113 Bonifatij
2394 2053 2563 2115 pape
2609 2030 2832 2101 VIHI.

261 2156 447 2201 anno
512 2142 737 2200 octavo
804 2137 883 2202 de
946 2138 1150 2220 ipsius
1215 2137 1523 2201 mandato
1581 2137 1707 2201 fuit
1760 2144 2060 2221 receptus
2118 2138 2186 2201 in
2246 2136 2630 2202 advocatum
2687 2159 2833 2203 con-

261 2243 668 2308 sistorialem
714 2245 1022 2326 magister
1064 2242 1389 2308 Iohannes
1435 2243 1619 2326 Bucij
1672 2244 1908 2327 Angeli
1961 2244 2040 2308 de
2088 2243 2449 2327 Arrigholis
2497 2244 2577 2317 de
2622 2243 2836 2309 Roma

262 2356 339 2414 et
384 2351 623 2414 iuravit
666 2351 734 2414 in
779 2351 1076 2415 manibus
1123 2353 1303 2417 meis,
1395 2352 1473 2416 B.
1521 2351 1875 2417 Francisci.

452 2456 577 2521 Die
623 2456 772 2522 VII.
822 2457 991 2541 Iunij
1042 2458 1459 2541 pontificatus
1518 2457 1762 2522 domini
1807 2457 2116 2541 Bonifatij
2178 2479 2345 2541 pape
2391 2457 2614 2524 VIIII.
2665 2480 2833 2524 anno

260 2586 443 2629 nono
491 2563 616 2629 fuit
658 2571 958 2648 receptus
991 2566 1075 2630 ad
1107 2564 1392 2630 officium
1424 2565 1865 2629 advocationis
1895 2566 1965 2629 in
1994 2565 2293 2630 Romana
2323 2566 2506 2630 curia
2536 2565 2833 2643 dominus

262 2665 603 2736 Robertus
651 2672 731 2737 de
776 2672 1102 2738 Fronzola
1147 2679 1213 2738 et
1256 2674 1496 2737 iuravit
1539 2673 1605 2736 in
1654 2671 1955 2736 manibus
2000 2672 2162 2736 meis
2208 2671 2285 2736 B.
2333 2671 2688 2737 Francisci.

451 2779 576 2844 Die
622 2778 772 2843 VH.
820 2779 1202 2845 Novembris
1268 2802 1435 2845 anno
1500 2801 1671 2844 nono
1737 2778 1980 2844 domini
2023 2779 2331 2861 Bonifatij
2393 2801 2562 2863 pape
2607 2778 2830 2845 VHII.

262 2887 397 2951 fuit
439 2892 739 2969 receptus
784 2887 853 2950 in
900 2887 1284 2952 advocatum
1331 2885 1843 2952 consistorialem
1876 2885 2175 2951 dominus
2206 2885 2520 2951 Galeotus
2567 2887 2647 2951 de
2680 2935 2696 2951 .
2733 2936 2748 2951 .
2785 2887 2836 2951 .2

268 3000 340 3057 et
386 2995 641 3075 iuravit,
690 3000 764 3058 ut
807 2995 1006 3058 moris
1055 3000 1174 3075 est,
1222 2993 1298 3059 B.
1348 2993 1703 3059 Francisci.
2296 3065 2299 3068 ,

450 3101 575 3165 Ι)16
628 3100 858 3166 ΧΙΠΙ.
904 3100 1287 3167 Novembris
1344 3123 1512 3166 anno
1569 3100 1818 3164 decimo
1872 3098 2290 3182 pontificatus
2346 3100 2590 3165 domini
2636 3099 2831 3165 Boni-

266 3208 413 3291 fatij
472 3229 641 3291 pape
686 3206 806 3272 IX.
855 3207 982 3274 fuit
1033 3213 1333 3291 receptus
1396 3209 1465 3271 in
1529 3207 1916 3271 advocatum
1982 3206 2278 3271 dominus
2337 3205 2711 3271 Octobonus
2768 3213 2833 3271 et

266 3316 510 3380 iuravit
552 3316 620 3379 in
666 3315 966 3379 manibus
1013 3316 1192 3380 111618.
1284 3314 1361 3379 Β.
1410 3313 1765 3379 Francisci.

449 3421 574 3488 Die
620 3421 807 3487 VIII.
856 3423 905 3488 J
906 3422 1039 3505 unij
1090 3420 1507 3504 pontificatus
1553 3420 1798 3485 domini
1830 3419 2137 3504 Bonifatij
2187 3440 2356 3504 pape
2387 3410 2611 3486 VIIII.
2660 3443 2829 3486 anno

270 3529 520 3594 decimo
572 3528 726 3595 fuit
754 3535 1052 3612 receptus
1105 3530 1173 3591 in
1228 3527 1589 3592 auditorem
1645 3526 1870 3610 palatij
1923 3528 2263 3609 apostolici
2309 3528 2622 3610 magister
2665 3520 2829 3593 Leo-

268 3636 513 3703 nardus
546 3636 626 3702 de
659 3636 970 3702 Sulmona
1012 3641 1080 3701 et
1108 3635 1349 3700 iuravit
1379 3633 1663 3699 officium
1708 3634 1776 3697 in
1822 3633 2122 3698 manibus
2170 3636 2329 3698 meis
2361 3634 2438 3699 B.
2472 3635 2827 3700 Francisci.

448 3743 573 3810 Die
618 3743 770 3808 XX.
819 3743 988 3826 Iunij
1049 3742 1460 3825 pontificatus
1516 3740 1760 3806 domini
1805 3739 2113 3825 Bonifatij
2174 3765 2341 3825 pape
2387 3741 2610 3806 VIHI.
2660 3763 2829 3807 anno

271 3851 560 3916 decimo3
617 3851 741 3916 fuit
796 3855 1095 3933 receptus
1158 3850 1226 3914 in
1285 3849 1647 3914 auditorem
1706 3849 1775 3912 in
1837 3847 2166 3913 audientia
2212 3868 2552 3914 causarum
2598 3849 2823 3932 palatij

271 3958 609 4040 apostolici
656 3959 964 4041 magister
1006 3956 1312 4022 Nicolaus
1345 3955 1582 4021 Vordis
1630 3961 1696 4020 et
1739 3956 1977 4022 iuravit
2020 3956 2089 4020 in
2133 3957 2431 4021 manibus
2478 3958 2640 4021 meis
2688 3955 2827 4021 offi-

271 4066 440 4129 cium
485 4067 553 4129 in
597 4064 826 4130 forma.
918 4065 994 4130 Β.
1043 4063 1398 4129 Francisci.

446 4172 572 4237 Die
617 4172 876 4237 XXIII.
909 4171 1250 4255 Februarij
1301 4169 1717 4254 pontificatus
1764 4170 2008 4235 domini
2053 4169 2361 4253 Bonifatij
2403 4192 2571 4253 pape
2601 4169 2824 4236 VIIII.

270 4278 392 4343 fuit
453 4287 753 4364 receptus
816 4282 884 4344 in
949 4280 1331 4345 advocatum
1396 4276 1908 4343 consistorialem
1985 4276 2280 4352 dominus
2344 4276 2668 4342 Iohannes
2746 4277 2826 4342 de

269 4386 793 4470 Montepulciano
841 4392 908 4451 et
951 4387 1189 4461 iuravit
1231 4386 1300 4450 in
1345 4384 1645 4449 manibus
1691 4384 1873 4448 meis,
1966 4383 2043 4447 B.
2092 4382 2447 4448 Francisci.

451 4620 469 4651 ¹
506 4638 652 4675 anno
688 4625 825 4690 sept.
865 4619 1211 4689 iibergeschr.
1323 4618 1345 4649 ²
1380 4616 1574 4671 Li'icke
1610 4618 1686 4669 im
1712 4616 1869 4670 Text.
1982 4614 2004 4646 ⁸
2039 4634 2185 4670 anno
2223 4616 2435 4672 decimo
2472 4616 2822 4686 iibergeschr.

2295 4706 2396 4759 14*
