3242 5184
200 2651 319 2706 Fol.
359 2656 428 2705 68
445 2660 484 2705 ⁸.

1735 298 1861 363 130
1953 341 1982 346 --
2017 333 2054 346 -·

702 474 961 540 Mense
1007 475 1187 558 Maij
1255 498 1451 542 nono
1506 477 1670 542 Kal.
1721 477 1923 559 Iunij
1995 476 2193 560 apud
2240 477 2665 560 Anagniam
2725 475 3078 541 dominus

523 582 967 647 Alexander
1029 604 1227 667 papa
1289 581 1450 648 IIH.
1543 582 1657 649 VI.
1708 605 1903 650 anno
1967 583 2483 667 pontificatus
2550 584 2667 647 sui
2728 583 3080 665 precepit

524 695 607 752 ut
651 739 667 754 .
704 739 719 754 .
767 696 1177 774 preceptor
1240 696 1315 755 et
1375 692 1658 756 fratres
1718 690 2132 775 hospitalis
2198 690 2729 756 misericordie
2774 689 3076 771 Pisani,

523 796 723 879 quod
768 817 960 881 pape
1005 797 1441 862 Alexandri·
1475 798 1790 880 dicitur,
1837 798 2174 863 habeant
2218 798 2307 862 de
2363 804 2616 863 cetero
2670 796 3077 879 indulgen-

522 905 672 968 tias
704 905 780 968 in
810 903 1264 988 provintiali
1297 906 1764 971 cancellarie
1796 906 2160 989 scriptae,
2183 905 2573 971 videlicet:
2599 903 2802 987 „Cum
2821 904 3077 969 dilectis

520 1009 717 1094 filijs⁴⁴
759 1061 773 1076 .
817 1062 830 1075 .
872 1012 1110 1077 maior
1152 1013 1352 1098 [emP]
1387 1034 1549 1077 cum
1591 1011 1941 1077 omnibus
1984 1013 2143 1077 suis
2176 1012 2571 1095 capitulis,
2605 1017 2830 1094 prout
2859 1011 3074 1076 Tem-

521 1117 749 1201 plarij
802 1124 877 1184 et
905 1117 1418 1202 Hospitalarij
1468 1118 2079 1184 Ierosolimitani
2133 1118 2421 1184 habent
2473 1120 2549 1182 in
2596 1118 2856 1182 eodem
2905 1139 3075 1202 pro-

520 1225 864 1307 vinciali,
915 1223 1043 1306 „Si
1089 1226 1273 1290 iuxta
1316 1226 1703 1291 sententiam
1750 1227 2128 1310 sapientis“,
2179 1224 2632 1307 „Querelam“,
2686 1225 2872 1307 „Non
2932 1225 3075 1289 abs-

521 1352 649 1414 que
695 1330 917 1397 dolore
963 1331 1220 1397 cordis“
1270 1333 1380 1397 et1
1428 1331 1662 1414 „Circa
1707 1354 1903 1417 opera
1948 1334 2275 1417 pietatis“.

695 1529 914 1593 Anno
947 1527 1235 1593 domini
1268 1528 1678 1594 millesimo
1711 1529 2242 1595 ducentesimo
2276 1530 2755 1612 sexagesimo
2805 1529 3074 1611 quinto

519 1655 773 1700 mense
836 1634 1283 1700 Decembris
1339 1634 1524 1701 VIII.
1591 1635 1757 1701 Kal.
1824 1636 2170 1720 Ianuarij
2240 1636 2438 1719 apud
2501 1635 2870 1701 Perusiae
2950 1636 3073 1700 do-

519 1743 767 1806 minus
814 1740 1160 1807 Clemens
1206 1764 1404 1827 papa
1434 1742 1594 1807 ΠΠ.
1643 1744 1888 1827 primo
1935 1765 2131 1809 anno
2178 1742 2691 1826 pontificatus
2739 1744 2859 1807 sui
2907 1764 3072 1827 pre-

519 1849 749 1933 cepit,
816 1855 898 1912 ut
958 1850 1367 1933 episcopus
1433 1857 1509 1914 et
1571 1850 1995 1934 capitulum
2060 1850 2391 1916 ecclesie
2456 1850 3076 1915 Bethleemitane

519 1956 813 2021 ordinis
863 1957 1110 2021 sancti
1147 1957 1569 2039 Augustini
1603 1957 1693 2022 de
1740 1961 1998 2022 cetero
2044 1957 2384 2022 habeant
2430 1956 2919 2041 subscriptas
2966 1958 3071 2020 in-

518 2061 957 2145 dulgentias
1023 2084 1187 2128 cum
1246 2064 1406 2127 suis
1467 2064 1764 2145 titulis,
1827 2063 2230 2128 videlicet:
2299 2064 2504 2146 „Cum
2559 2064 2810 2129 dilectis
2878 2063 3070 2146 filijs⁴⁶

518 2170 688 2233 sine
744 2169 881 2234 illo
946 2169 1327 2254 capitulo:
1390 2168 1562 2235 Sane
1607 2171 1915 2254 quoniam
1971 2191 2212 2254 usque
2262 2172 2673 2255 presumatiS,
2727 2169 2844 2251 „Si
2894 2171 3072 2234 iuxta

517 2276 970 2358 sententiam“,
1020 2276 1206 2358 „Non
1250 2276 1499 2359 absque
1549 2277 1837 2358 dolore“‚
1888 2275 2279 2359 „Querelam
2324 2284 2625 2361 gravem“
2675 2277 2787 2340 et²
2846 2277 3074 2358 „Circa

518 2403 717 2466 opera
760 2384 1086 2466 pietatis“.
1104 2383 1129 2421 ³

785 2633 1264 2717 ”Sequuntur
1327 2633 1584 2716 alique
1652 2634 2250 2699 constitutiones
2324 2634 2529 2699 facte
2600 2635 2677 2698 in
2742 2634 3071 2699 concilio

869 2740 1381 2823 Lugdunensi.

695 2898 857 2964 Cum
886 2921 1096 2984 nuper
1123 2902 1191 2964 in
1225 2901 1496 2969 concilio
1528 2900 1950 2985 Lugdunensi
1982 2901 2300 2983 quasdam
2338 2903 2832 2967 constitutiones
2883 2922 3071 2985 super

517 3007 708 3071 certis
775 3007 1065 3072 articulis
1130 3008 1504 3075 duxerimus
1577 3008 2121 3092 promulgandaS,
2195 3010 2603 3074 universitati
2673 3015 2890 3074 vestre
2961 3029 3071 3092 per

516 3113 874 3197 apostolica
920 3116 1219 3202 [scripta]
1267 3115 1678 3198 mandamuS,
1726 3117 2032 3198 quatinus
2081 3117 2195 3198 eiS,
2242 3137 2407 3199 quas
2456 3116 2578 3181 sub
2623 3115 2806 3181 bulla
2853 3122 3069 3180 nostra

515 3220 698 3285 vobis
756 3223 1288 3305 transmittimuS,
1355 3223 1451 3286 uti
1496 3222 1709 3287 velitis
1757 3223 2057 3290 ammodo
2102 3230 2240 3287 tam
2303 3225 2370 3286 in
2433 3223 2681 3305 iuditijs
2746 3244 2944 3305 quam
3006 3224 3067 3284 in

515 3327 708 3391 scolis
731 3376 747 3408 ,
797 3329 975 3411 ipsas
1027 3330 1147 3394 sub
1208 3331 1342 3395 s‘uis
1402 3330 1608 3394 titulis
1628 3380 1643 3411 ,
1702 3337 1898 3413 prout
1950 3351 2146 3414 super
2198 3329 2531 3413 qualibet⁴
2575 3351 2921 3395 causarum
2967 3350 3064 3393 ex-

513 3435 835 3518 primitur,
881 3435 1081 3500 inseri
1126 3435 1454 3501 facientes.

780 3630 896 3696 Ad
941 3631 1194 3696 idem5.

693 3754 856 3839 Cum
885 3775 954 3838 in
1001 3775 1221 3838 multis
1267 3775 1429 3839 iuris
1474 3775 1767 3840 articulis
1813 3776 2100 3840 infinitas
2146 3776 2550 3860 reprobetur,
2583 3776 2848 3861 provide
2892 3773 3059 3840 duxi-

515 3902 659 3944 mus
692 3880 1127 3962 statuendum,
1161 3887 1236 3945 ut
1264 3902 1383 3964 per
1411 3882 1779 3964 generalem
1812 3882 2173 3947 clausulam
2207 3881 2532 3966 „Quidam
2565 3883 2742 3967 alij“,
2791 3903 2917 3965 que
2947 3879 3057 3944 fre-

516 3993 791 4069 quenter
820 3988 888 4052 in
925 3987 1158 4053 litteris
1204 3989 1445 4052 nostris
1491 3990 1820 4070 inseritur,
1868 3990 2043 4055 ultra
2071 3996 2205 4055 tres
2237 3990 2338 4056 vel
2368 3997 2649 4075 quatuor
2677 3992 2744 4054 in
2774 3989 3055 4053 iuditium

515 4115 645 4159 non
677 4094 1041 4176 trahantur,
1064 4115 1338 4176 quorum
1371 4097 1636 4161 nomina
1663 4097 1732 4160 in
1763 4097 1971 4179 primo
2003 4098 2302 4162 citatorio
2334 4098 2656 4181 exprimat
2671 4098 3052 4180 impetrator,

516 4222 597 4265 ne
643 4200 856 4267 fraudi
902 4201 1083 4267 locus
1132 4201 1403 4268 forsitan
1436 4202 1862 4286 relinquatur,
1911 4205 1967 4268 si
2001 4205 2174 4270 circa
2204 4225 2283 4269 ea
2313 4206 2523 4289 possit
2551 4204 2753 4269 libere
2799 4203 3051 4269 variare.

700 4399 719 4431 ¹
756 4398 826 4452 In
860 4404 1009 4454 roter
1044 4398 1265 4454 schrift.
1447 4399 1470 4431 ²
1504 4399 1572 4453 In
1609 4405 1758 4455 roter
1792 4399 2013 4456 Schrift„
2182 4402 2206 4434 ⁸
2239 4402 2351 4456 Am
2387 4402 2582 4457 Raude
2618 4401 2766 4455 links
2802 4402 2888 4454 ein
2922 4402 3052 4451 rotet

516 4488 677 4543 Stern
714 4490 817 4542 mit
851 4487 981 4542 acht
1015 4488 1241 4543 diinnen
1266 4487 1538 4543 Strahlen.
1686 4488 1708 4519 ⁴
1745 4488 1978 4545 Hdschr.
2005 4492 2397 4561 quarumlibet.
2542 4491 2565 4521 ὅ
2589 4490 2679 4543 Ad
2716 4489 2861 4543 idem
2895 4483 3047 4556 regel-

517 4573 702 4647 massig
738 4595 827 4632 am
864 4576 1022 4631 Ende
1059 4578 1158 4632 der
1192 4577 1683 4649 vorhergehenden
1730 4578 1865 4633 oder
1909 4578 2205 4650 folgenden
2241 4579 2403 4634 Zeile.
2481 4579 2601 4635 Nur
2636 4579 2735 4632 das
2770 4579 2936 4634 vici-te
2967 4571 3046 4625 Ad

517 4666 661 4720 idem
701 4665 805 4720 auf
834 4666 952 4721 Fol.
981 4665 1084 4721 68¹²
1119 4666 1267 4721 steht
1285 4665 1406 4748 *auf
1436 4668 1587 4721 einer
1622 4666 1772 4721 Zeile
1809 4666 1897 4721 fflr
1931 4668 2064 4722 sich.
