3242 5184
381 540 786 607 Provinciale
924 589 2713 607 .................
2857 543 2937 605 19

382 647 655 731 Supplik
692 647 807 714 der
842 647 1207 713 Auditoren
1238 670 1347 713 um
1396 647 1498 712 die
1530 647 1883 712 Erlaubnis
1922 648 2111 713 einen
2141 646 2493 729 tragbaren
2524 646 2718 711 Altar

559 755 851 821 besitzen
915 754 1046 819 und
1111 754 1317 820 daran
1371 753 1585 819 Messe
1637 754 1817 820 lesen
1874 754 2031 820 oder
2085 754 2224 818 sich
2277 753 2456 818 lesen
2500 753 2717 818 lassen

558 885 639 927 zu
684 861 914 926 durfen
1036 910 2712 927 ................
2853 863 2938 925 44

381 984 761 1069 Sammlung
817 1008 940 1051 von
993 985 1213 1069 haufig
1268 987 1564 1052 erteilten
1632 986 2052 1070 Privilegien,
2119 987 2342 1050 soweit
2406 985 2499 1049 sie
2557 986 2714 1050 voll-

560 1093 820 1176 standig
875 1092 1032 1159 oder
1081 1094 1147 1157 in
1198 1093 1314 1158 der
1361 1093 1785 1177 Hauptsaohe
1844 1092 2191 1176 angefiihrt
2236 1092 2490 1157 werden
2508 1141 2524 1174 ‚
2575 1091 2716 1158 hier

558 1199 1009 1283 alphabetisoh
1053 1200 1392 1283 geordnet:

381 1326 764 1389 Animarum
803 1324 1079 1389 salutem
1117 1325 1437 1390 desiderio
1468 1325 1742 1391 ferventi
1774 1331 2160 1409 quaerentes
2192 1324 2296 1388 fiir
2339 1323 2443 1388 die
2476 1323 2714 1389 Cister-

558 1430 809 1495 zienser
917 1479 2709 1501 .................
2849 1433 2934 1494 80

379 1538 790 1603 Auctoritate
836 1537 1018 1603 vobis
1064 1541 1466 1623 presentium
1511 1539 1616 1604 fur
1662 1540 1766 1605 die
1812 1538 2398 1622 Predigermtinche
2474 1588 2487 1601 .
2584 1586 2597 1601 .
2696 1586 2708 1599 .
2809 1539 2933 1601 109

381 1643 654 1709 Gelestis
701 1666 884 1709 amor
928 1647 1183 1728 patriae
1229 1646 1334 1710 fiir
1379 1646 1482 1711 die
1529 1646 2112 1730 Predigermonche
2211 1630 2215 1637 ⁴
2251 1694 2709 1709 .....
2809 1646 2930 1708 117

380 1750 788 1817 Christianae
834 1751 987 1817 fidei
1031 1753 1257 1836 religio
1302 1753 1407 1818 fiir
1454 1754 1557 1820 die
1602 1753 1653 1819 J
1655 1754 1995 1820 ohanniter
2141 1800 2709 1818 ......
2850 1753 2930 1815 67

380 1858 568 1923 Circa
613 1880 811 1942 opera
855 1859 1122 1941 pietatis
1169 1860 1273 1924 fiir
1317 1861 1411 1927 St.
1451 1861 1665 1925 Maria
1709 1862 1776 1925 in
1823 1860 2020 1927 Saxia
2142 1908 2708 1923 ......
2808 1861 2932 1922 106

379 1964 568 2030 Circa
613 1987 811 2049 opera
855 1966 1119 2049 pietatis
1166 1966 1269 2032 fur
1315 1968 1432 2032 das
1478 1967 1786 2051 Hospital
1831 1967 1911 2031 de
1957 1965 2313 2050 Altopassu
2364 2016 2377 2029 .
2475 2016 2488 2029 .
2586 2016 2597 2028 .
2696 2016 2709 2029 .
2809 1967 2931 2029 105

380 2071 540 2137 Cum
587 2072 859 2138 abbates
907 2072 1354 2140 Cistereiensis
1400 2073 1643 2139 ordinis
1691 2073 1794 2139 fiir
1839 2074 1943 2139 die
1988 2073 2037 2138 J
2038 2073 2380 2138 ohanniter
2473 2123 2486 2136 .
2584 2123 2596 2136 .
2694 2122 2708 2135 .
2848 2074 2925 2136 81

379 2178 539 2244 Cum
586 2201 626 2244 a
672 2179 859 2244 nobis
903 2182 1152 2264 petitur
1196 2181 1300 2245 fiir
1346 2180 1449 2246 die
1494 2180 2082 2264 Predigermonohe
2141 2228 2707 2245 ......
2808 2180 2931 2240 114

379 2285 542 2351 Cum
574 2292 793 2351 autem
831 2308 872 2351 a
900 2287 1350 2370 religiosorum
1382 2289 1666 2354 virorum
1695 2287 2016 2372 pressuris
2048 2287 2153 2351 fur
2184 2286 2288 2350 die
2318 2285 2367 2351 J
2369 2285 2713 2350 ohanniter
2848 2288 2927 2349 97

378 2392 540 2458 Cum
588 2392 1033 2459 Cisterciensis
1081 2394 1323 2460 ordinis
1371 2395 1603 2459 titulus
1650 2394 1755 2458 fur
1801 2395 1904 2459 die
1950 2392 2413 2458 Oisterzienser
2475 2443 2487 2455 .
2585 2443 2597 2456 .
2696 2442 2708 2456 .
2849 2394 2922 2456 81

379 2499 541 2565 Cum
588 2499 668 2564 de
713 2499 868 2564 viris
918 2501 1377 2567 ecelesiasticis
1424 2500 1529 2566 fiir
1576 2501 1680 2566 die
1726 2500 2028 2584 Templer
2140 2549 2706 2564 ......
2847 2503 2930 2564 95

379 2606 540 2672 Cum
588 2606 807 2671 dilecti
853 2606 971 2672 filii
1016 2607 1121 2672 fiir
1167 2607 1271 2673 die
1316 2609 1365 2675 J
1367 2609 1710 2675 ohanniter
1808 2656 2706 2671 .........
2848 2610 2930 2671 88

379 2712 538 2777 Cum
585 2713 838 2777 dilectis
885 2713 1037 2779 filiis
1084 2714 1187 2779 fiir
1234 2714 1563 2780 dieselben
1586 2763 2707 2780 ...........
2849 2716 2930 2777 83

378 2819 539 2883 Cum
586 2818 969 2885 dilectorum
1016 2820 1295 2886 filiorum
1343 2821 1447 2886 fiir
1493 2821 1596 2886 die
1644 2819 2229 2903 Predigermonche
2360 2868 2372 2882 .
2472 2868 2484 2882 .
2583 2869 2594 2882 .
2693 2870 2705 2882 .
2807 2822 2930 2884 108

379 2926 540 2991 Cum
586 2926 717 2991 iam
763 2948 880 3010 per
925 2928 1063 2992 eius
1109 2929 1388 3011 gratiam
1435 2928 1540 2993 fur
1585 2927 1916 2993 dieselben
2028 2975 2707 2990 .......
2807 2928 2931 2989 110

378 3033 541 3097 Cum
587 3034 717 3098 iam
762 3046 879 3118 per
925 3035 1063 3099 eius
1110 3037 1389 3119 gratiam
1436 3035 1539 3100 fiir
1585 3035 1689 3099 die
1736 3034 2084 3098 Minoriten
2143 3081 2706 3096 ......
2808 3035 2931 3097 120

378 3138 539 3204 Cum
586 3140 934 3205 monachos
984 3146 1051 3206 et
1096 3163 1436 3208 conversos
1485 3141 1589 3206 fiir
1636 3140 1739 3205 die
1786 3139 2251 3205 Cisterzienser
2361 3187 2373 3202 .
2473 3189 2485 3201 .
2583 3188 2595 3201 .
2693 3189 2705 3202 .
2847 3142 2930 3203 80

378 3245 540 3311 Cum
586 3253 1037 3331 paupertatem
1084 3254 1151 3315 et
1195 3250 1395 3314 vitam
1441 3249 1546 3313 fiir
1591 3248 1695 3313 die
1742 3246 2329 3330 Predigermonche
2475 3296 2488 3310 .
2584 3295 2597 3309 .
2693 3294 2706 3309 .
2807 3248 2927 3309 107

377 3352 540 3418 Cum
585 3355 902 3418 universis
951 3361 1214 3421 sanotae
1262 3357 1573 3421 ecelesiae
1618 3354 1770 3420 filiis
1817 3353 1922 3417 fiir
1966 3355 2155 3418 einen
2200 3351 2592 3417 Erzbischof
2694 3402 2707 3417 .
2850 3356 2929 3417 75

376 3459 584 3525 Decet
627 3462 978 3544 pastoralis
1028 3462 1528 3528 sollicitudinem
1574 3462 1679 3526 fur
1726 3460 1828 3525 die
1874 3459 1923 3525 J
1925 3460 2266 3525 ohanniter
2358 3508 2372 3523 .
2469 3508 2483 3524 .
2581 3508 2594 3523 .
2692 3508 2705 3523 .
2847 3464 2929 3525 99

376 3566 756 3632 Devotionis
801 3574 1058 3634 vestrae
1104 3569 1406 3651 precibus
1452 3568 1747 3633 inclinati
1793 3566 1896 3631 fiir
1944 3567 2046 3631 die
2092 3566 2442 3631 Minoriten
2584 3614 2596 3629 .
2695 3617 2707 3630 .
2807 3571 2923 3632 121

376 3673 754 3739 Devotionis
799 3679 1054 3739 vestrae
1100 3680 1505 3759 promeretur
1550 3673 1819 3739 affectus
1868 3672 1972 3737 fur
2018 3671 2120 3737 die
2159 3672 2461 3757 Templer
2584 3723 2596 3737 .
2693 3723 2706 3737 .
2848 3678 2929 3739 96

375 3779 615 3844 Dilecti
660 3779 777 3845 filii
822 3779 1056 3845 fratres
1102 3781 1604 3848 Ierosolimitani
1651 3780 1755 3845 fiir
1799 3780 1903 3844 die
1949 3778 1998 3843 J
2001 3778 2341 3845 ohanniter
2473 3829 2486 3843 .
2583 3830 2596 3844 .
2694 3830 2707 3844 .
2848 3786 2929 3847 89

376 3886 619 3951 Dilecti
665 3885 783 3951 filii
829 3885 1062 3952 fratres
1109 3888 1379 3952 militiae
1425 3887 1648 3970 templi
1697 3886 1800 3951 fiir
1846 3886 1950 3950 die
1999 3884 2303 3968 Templer
2360 3934 2375 3950 .
2471 3935 2484 3949 .
2583 3936 2597 3950 .
2694 3938 2706 3951 .
2848 3893 2930 3954 86

375 3991 615 4058 Dileoti
669 3992 789 4057 filii
842 3993 1077 4058 fratres
1125 3994 1395 4060 militiae
1451 3994 1677 4077 templi
1731 3994 1797 4057 in
1855 3992 2187 4076 provincia
2232 3991 2336 4055 fiir
2382 3991 2711 4058 dieselben
2848 3999 2930 4060 96

376 4098 617 4164 Dilecti
661 4099 779 4164 filii
817 4099 1052 4164 fratres
1090 4101 1361 4166 militiae
1407 4100 1633 4184 templi
1678 4104 1829 4184 post
1865 4099 2205 4164 concilium
2242 4097 2346 4161 fiir
2384 4098 2711 4165 dieselben
2849 4106 2930 4167 96

375 4205 522 4271 Etsi
568 4227 776 4289 neque
825 4207 936 4288 qui
982 4206 1240 4289 plantat
1284 4207 1387 4272 fiir
1435 4207 1560 4272 den
1606 4205 1982 4270 Deutsohen
2030 4204 2247 4272 Orden
2358 4257 2373 4272 .
2472 4256 2485 4271 .
2583 4257 2595 4271 .
2692 4257 2706 4272 .
2849 4213 2929 4274 69

375 4311 805 4397 Evangelicae
853 4312 1213 4397 doetrinae,
1263 4334 1430 4397 quae
1476 4312 1781 4397 prohibet
1825 4312 1930 4376 fiir
1975 4312 2079 4377 die
2124 4312 2174 4378 J
2175 4313 2517 4378 ohanniter
2582 4363 2595 4378 .
2693 4364 2707 4379 .
2808 4318 2931 4380 100

375 4418 478 4483 Ex
522 4424 707 4503 parte
753 4425 970 4485 vestra
1016 4421 1203 4485 nobis
1251 4425 1352 4485 est
1397 4420 1617 4485 oblata
1662 4418 1768 4483 fiir
1813 4419 1918 4484 die
1966 4418 2430 4485 Cisterzienser
2469 4469 2482 4483 .
2580 4470 2593 4484 .
2691 4471 2705 4485 .
2850 4426 2930 4487 78

374 4525 454 4588 In
491 4526 800 4591 eminenti
838 4527 1230 4609 apostolieae
1267 4527 1440 4593 sedis
1479 4527 1746 4610 specula
1786 4526 1890 4591 fiir
1929 4526 2031 4590 die
2069 4525 2711 4594 Pramonstratenser
2847 4531 2930 4595 49

375 4632 453 4696 In
500 4634 809 4698 eminenti
855 4633 1249 4717 apostolieae
1296 4634 1468 4699 sedis
1516 4633 1620 4697 fiir
1666 4634 1852 4698 einen
1898 4631 2172 4698 Bischof
2248 4682 2705 4700 .....
2851 4639 2932 4700 74
