3242 5184
175 424 296 484 Fol.
339 431 440 481 100
449 429 490 481 b.

155 3633 279 3707 Fol.
321 3639 420 3690 101
437 3642 482 3694 ³.

1564 260 1673 294 -·
1750 250 1874 312 192
1966 288 2053 295 -

533 427 929 490 auctenticas
983 424 1242 489 habitas
1298 430 1363 488 et
1416 423 1912 489 consuetudines
1969 423 2409 489 rationabiles,
2511 423 2720 506 Digne
2774 425 2975 506 igitur
3014 424 3076 487 in

528 532 859 614 premissis
905 532 1328 597 ordinationis
1375 536 1581 595 status
1630 531 1906 613 exigitur
1953 538 2017 596 et
2053 530 2550 596 modificationis
2587 530 2889 596 limitatio
2937 553 3074 595 ven-

530 638 706 703 dicat
751 638 876 703 sibi
919 639 1153 720 locum,
1201 644 1276 701 ut
1319 639 1547 702 noxius
1588 639 1915 721 appetitus
1954 636 2232 701 absistat
2277 643 2343 701 et
2379 638 2611 702 mentis
2652 639 3074 720 equanimitas

530 743 877 809 salubriter
929 767 1006 809 ac
1051 746 1220 810 iuste
1258 745 1603 809 informata
1640 745 1966 828 perduret,
2007 745 2161 826 quia
2196 765 2315 828 per
2353 743 2625 808 eandem
2664 743 3073 825 audientiam,

528 851 706 917 velut
739 857 1069 935 patentem
1094 836 1377 933 ianuam,
1417 850 1504 923 ad,
1533 849 1993 916 exhibitionem
2020 852 2273 915 iusticie
2300 851 2682 934 plerumque
2709 853 2965 932 graciel
2987 899 3001 915 .
3024 900 3073 915 ..

529 980 606 1022 ac
667 958 1025 1037 liberaliter
1079 957 1374 1023 omnibus
1432 980 1575 1023 eam
1639 956 2135 1040 implorantibus
2194 959 2595 1038 ministrare,
2662 959 2912 1023 cunctis
2967 980 3075 1041 pro

529 1086 607 1130 ea
653 1065 1125 1133 confluentibus
1159 1065 1242 1130 ad
1281 1071 1572 1130 sanctam
1608 1064 1973 1129 Romanam
2007 1064 2366 1146 ecclesiam,
2413 1071 2748 1147 tamquam
2786 1071 3074 1147 matrem,

528 1193 606 1236 ex
671 1173 941 1238 diversis
1006 1172 1228 1236 mundi
1291 1172 1588 1256 partibus
1647 1171 1926 1236 habetur
1979 1172 2279 1236 introitus
2332 1173 2574 1236 iustum
2630 1179 2696 1236 et
2738 1173 3076 1255 prestitum

527 1280 770 1343 exitum
817 1280 1180 1344 sortiturus,
1273 1277 1402 1343 Per
1456 1281 1669 1361 ipsam
1725 1300 1981 1361 quoque
2037 1279 2433 1343 audientiam
2480 1279 2714 1342 summi
2757 1279 3077 1362 pontificis

525 1386 844 1468 generalis
893 1393 960 1452 et
1004 1386 1448 1469 superminens
1503 1386 1821 1450 universis
1887 1386 2241 1450 communis
2297 1391 2662 1450 ostentatur
2724 1388 3075 1450 auctoritas

527 1500 593 1555 et
628 1492 988 1558 iurisdictio
1042 1494 1258 1576 sepius
1315 1492 1710 1574 designatur.
1778 1492 1911 1557 Nos
1960 1513 2133 1575 erg0,
2183 1493 2294 1574 qui
2340 1492 2492 1556 licet
2535 1494 2843 1556 immeriti
2890 1492 3076 1558 beato

524 1598 721 1663 Petro
769 1599 1171 1664 succedimus
1218 1607 1284 1664 et
1329 1600 1465 1664 vice
1505 1597 1744 1663 Christi
1781 1599 2106 1682 fungimur
2152 1621 2345 1681 super
2381 1606 2643 1680 terram,
2693 1608 3076 1683 exposcente

525 1706 839 1787 qualitate
868 1708 1187 1789 presentis
1233 1707 1540 1789 temporis
1580 1712 1646 1770 et
1680 1706 1959 1771 utilitate
1996 1705 2259 1790 publica
2287 1707 2517 1789 pietati
2564 1707 2758 1770 etiam
2798 1728 3078 1772 consona

526 1811 857 1895 suadente,
903 1813 1212 1896 predictis
1260 1813 1557 1878 omnibus
1596 1814 1664 1876 in
1704 1834 1972 1877 examen
2021 1813 2347 1895 diligentis
2386 1813 2926 1879 considerationis
2974 1814 3075 1878 ad-

524 1919 733 1983 ductis
781 1925 848 1984 et
891 1920 1275 1985 examinatis
1323 1921 1655 2000 attentius,
1694 1919 1852 1984 utile
1899 1926 1965 1984 et
2008 1919 2396 1984 rationabile
2442 1920 2579 1984 fore
2627 1922 3076 2007 conspeximus

523 2026 698 2089 circa
744 2025 1218 2092 solicitudinem
1266 2033 1331 2091 et
1377 2028 1800 2091 attentionem
1837 2026 2151 2091 lectorum
2198 2027 2525 2091 audientie
2571 2026 2893 2109 prelibate
2928 2027 3076 2092 fide-

520 2131 902 2215 litatemque
933 2134 1273 2199 honestam
1305 2156 1382 2198 ac
1411 2132 1797 2198 modestiam
1828 2141 2321 2218 procuratorum
2361 2133 2468 2196 in2
2509 2134 2844 2198 audientia
2888 2135 3077 2217 preli-

521 2238 678 2303 bata
710 2246 777 2304 et
806 2240 1315 2306 moderationem
1349 2241 1565 2324 salarij
1612 2241 1704 2304 eis
1748 2240 1947 2305 debiti
1987 2263 2106 2323 pro
2154 2240 2473 2305 dictarum
2511 2241 3075 2323 impetrationibus

519 2346 882 2412 litterarum
903 2354 969 2413 et
1000 2347 1148 2428 alia,
1169 2368 1294 2430 que
1324 2347 1634 2412 iamdicta
1664 2348 2062 2429 contingunt,
2084 2352 2329 2411 statuta
2360 2353 2427 2411 et
2456 2348 2897 2413 ordinationes
2932 2348 3073 2413 sub-

517 2454 739 2518 iuncta
784 2454 973 2519 edere
1018 2460 1330 2538 perpetuo
1376 2454 1783 2537 valituraque
1813 2455 2204 2538 precipimus
2235 2454 2692 2519 inviolabiliter
2723 2454 3072 2520 observari.

696 2560 1104 2626 Presentium
1150 2583 1379 2644 nempe
1445 2563 1831 2626 auctoritate
1887 2561 2230 2625 statuimus
2286 2583 2363 2626 ac
2419 2563 2615 2626 etiam
2680 2561 3071 2642 ordinamuS,

520 2666 693 2748 quod
747 2666 904 2731 dicti
956 2667 1250 2749 lectoreS‚
1318 2670 1429 2750 qui
1484 2669 1611 2734 duo
1666 2668 1803 2732 fore
1850 2666 2077 2745 solent,
2134 2668 2325 2733 ambo
2372 2670 2635 2733 veniant
2679 2669 2947 2734 cottidie
2993 2668 3072 2732 ad

519 2773 886 2856 legendum,
944 2797 1025 2839 ne
1071 2781 1336 2858 propter
1390 2776 1667 2839 alicuius
1724 2796 1944 2839 eorum
1990 2774 2354 2840 absentiam
2399 2775 2700 2859 impediri
2746 2777 3073 2857 contingat

518 2881 830 2946 lecturam
894 2880 1262 2946 huiusmodi
1323 2882 1688 2947 litterarum
1752 2889 1818 2946 et
1879 2882 2155 2946 aliarum
2216 2883 2411 2947 etiam
2467 2882 2956 2966 scripturarum,
3012 2888 3072 2946 et

518 2987 693 3069 quod
740 2989 943 3053 donec
988 2988 1201 3053 littere
1250 2995 1316 3053 et
1350 2990 1668 3071 scripture
1705 2988 2070 3053 huiusmodi
2108 2989 2272 3053 lecte
2317 2989 2576 3070 fuerint,
2625 2990 2705 3054 de
2744 2990 3069 3054 audientia

519 3095 834 3178 predicta,
883 3096 1009 3160 nisi
1056 3117 1134 3160 ex
1181 3116 1381 3159 causa
1426 3095 1736 3178 legitima,
1784 3116 1912 3159 non
1961 3094 2315 3160 discedant.

696 3200 883 3283 Quod
930 3202 1286 3285 supradicti
1330 3204 1603 3267 lectores
1652 3201 1939 3267 eiusdem
1986 3201 2313 3267 audientie
2357 3203 2487 3268 illis
2534 3202 2790 3286 diebus,
2840 3202 3067 3286 quibus

518 3311 611 3373 eis
658 3311 950 3374 imminet
994 3309 1255 3375 solitum
1312 3316 1378 3374 et
1422 3296 1715 3375 debitum
1760 3329 1981 3373 eorum
2026 3309 2269 3375 lecture
2317 3308 2590 3375 offitium
2637 3330 2960 3390 exercere,
3007 3310 3066 3370 in

517 3416 858 3481 audiencia
901 3418 1046 3498 ipsa
1090 3416 1253 3481 hora
1298 3417 1683 3500 tempestiva
1730 3416 2114 3480 conveniant
2159 3425 2225 3480 et
2244 3466 2259 3497 ,
2318 3417 2714 3498 quamcicius
2770 3420 3067 3499 poterunt

516 3524 654 3587 sine
718 3523 861 3587 luce
925 3522 1274 3604 materiali,
1339 3523 1662 3587 huismodi
1725 3522 1983 3605 legendi
2046 3522 2329 3589 officium
2392 3523 2722 3605 inchoent,
2780 3523 2945 3588 bene
3008 3526 3067 3586 et

516 3630 783 3695 honeste
829 3629 1050 3712 legant
1096 3629 1341 3712 absque
1379 3634 1396 3717 ,ξ
1432 3628 2038 3713 interpolationibus
2085 3630 2463 3695 inhonestis

693 3735 880 3819 Quod
946 3736 1024 3801 de
1088 3735 1350 3801 lecturis
1416 3736 2075 3802 extraordinariarum
2140 3738 2605 3821 scripturarum
2668 3737 2868 3801 nichil
2927 3756 3061 3820 per-

514 3845 776 3929 cipiant,
824 3844 950 3908 nisi
994 3843 1207 3909 forent
1248 3846 1468 3927 magni
1511 3847 1851 3927 processus
1899 3865 2012 3909 seu
2059 3845 2375 3927 scripture
2418 3845 2687 3927 prolixe,
2737 3845 2850 3927 qui
2893 3861 3062 3923 mag-

514 3974 667 4017 num
732 3950 1023 4016 laborem
1090 3952 1422 4034 exigerent
1466 3952 1533 4015 in
1596 3950 1918 4033 legendiS,
1977 3957 2043 4016 et
2104 3957 2258 4016 tunc
2315 3950 2396 4015 ad
2460 3952 2607 4034 plus
2671 3951 2847 4016 ultra
2910 3950 3059 4013 duos

512 4079 772 4141 grossos
820 4080 948 4123 non
993 4058 1310 4142 recipiant
1354 4058 1783 4124 TuronenseS.
1880 4057 2165 4123 Caveant
2208 4062 2447 4140 tamen,
2496 4060 2668 4142 quod
2725 4064 3058 4141 propterea

513 4188 641 4231 non
686 4165 1078 4248 impediatur
1122 4165 1371 4230 lectura
1416 4164 1746 4230 ordinaria
1792 4164 2181 4230 eorumdem.

691 4272 879 4354 Quod
935 4279 1388 4356 procuratores
1434 4273 1502 4336 in
1549 4272 1776 4338 eadem
1834 4271 2165 4337 audientia
2220 4265 2360 4336 sine
2415 4271 2689 4355 strepitu
2743 4273 3057 4347 maneant,

510 4380 824 4444 lecturam
876 4379 1233 4462 predictam
1289 4358 1482 4461 bene,
1543 4378 1833 4461 pacifice,
1899 4385 2146 4444 attente
2200 4385 2396 4461 atque
2455 4378 2741 4444 modeste
2802 4377 3061 4442 audiant

697 4612 713 4642 ¹
754 4611 911 4666 Nach
936 4613 1120 4684 gracie
1142 4610 1334 4665 Lficke
1360 4612 1449 4665 fiir
1475 4614 1564 4666 ein
1589 4611 1675 4667 bis
1699 4614 1833 4668 zwei
1861 4612 2100 4666 Worter.
2247 4612 2269 4642 ²
2306 4629 2405 4682 pro
2442 4611 2658 4683 getilgt.
2712 4609 2962 4664 Dariiber
2985 4607 3053 4658 in.
