3242 5184
1221 357 1648 421 *19*

159 539 439 618 maticiS,
488 537 790 602 videlicet
836 536 1185 619 dampnate
1233 538 1538 601 memorie
1576 535 1816 600 Iacobo
1866 542 1931 599 et
1976 535 2169 600 Petro
2217 536 2297 600 de
2331 534 2708 620 Columpna,

160 645 316 710 olim
364 649 587 709 sancte
639 644 931 709 Romane
979 643 1245 707 ecclesie
1278 642 1736 707 cardinalibus,
1815 641 1904 705 Et
1932 664 2048 725 per
2080 644 2351 707 eundem
2385 645 2713 708 dominum

160 750 571 816 Bonifacium
616 773 857 835 papam
904 750 1131 814 civitas
1178 750 1270 815 ibi
1315 771 1515 832 prope
1563 749 1644 813 de
1699 772 1861 814 novo
1919 756 2326 831 constructa,
2396 751 2498 814 cui
2547 749 2713 815 Civi-

160 858 579 941 tatispapalis
598 858 619 895 ¹
675 879 909 922 nomen
964 856 1254 920 tradidit.
1348 856 1643 938 Eamque
1699 856 2107 939 episcopatus
2163 862 2230 920 et
2276 856 2715 920 cardinalatus

166 964 484 1046 dignitate
549 963 876 1029 decoravit
897 1014 912 1045 ,
986 969 1061 1027 ut
1121 964 1460 1046 episcopus
1523 964 1804 1027 civitatis
1883 963 2172 1028 eiusdem
2249 968 2420 1028 esset
2495 967 2717 1026 sancte
3201 976 3204 1027 l

164 1071 462 1135 Romane
509 1070 777 1135 ecclesie
826 1070 1192 1135 cardinalis.
1270 1069 1359 1134 Et
1403 1070 1496 1134 ibi
1540 1070 1812 1154 prefecit
1856 1071 1923 1133 in
1969 1070 2342 1154 episcopum
2390 1069 2720 1134 dominum
3203 1054 3208 1195 (A

167 1177 676 1258 Theodericum,
743 1184 899 1242 tunc
954 1177 1128 1242 tituli
1185 1184 1409 1242 sancte
1466 1179 1675 1241 crucis
1741 1178 1807 1240 in
1868 1176 2227 1241 Ierusalem
2289 1177 2722 1260 presbiterum
2956 1210 2963 1217 ·
3209 1212 3210 1267 3

169 1283 589 1348 cardinalem.
2189 1276 2192 1279 ¹

445 1550 955 1634 Captaciones
1003 1551 1385 1633 speciales
1432 1551 1598 1617 loco
1648 1551 2179 1617 salutacionis.

354 1711 658 1775 Michaeli
704 1710 1090 1793 Paleologo,
1157 1711 1396 1775 illustri
1440 1712 1819 1794 imperatori
1867 1711 2258 1791 Grecorum,
2330 1710 2616 1794 graciam
2661 1708 2726 1771 in

172 1818 488 1899 presenti,
538 1839 655 1901 per
701 1838 896 1899 quam
944 1817 1195 1881 obtinet
1240 1818 1514 1900 gloriam
1559 1819 1627 1881 in
1674 1817 1912 1883 futuro.

360 1923 525 2006 Regi
581 1929 646 1988 et
689 1923 928 2006 populo
976 1924 1398 1989 Tartarorum
1446 1926 1615 1988 viam
1664 1945 2012 2006 agnoscere
2059 1924 2374 1989 veritatis

363 2029 616 2093 Illustri
680 2029 1073 2095 Colomanno
1139 2032 1203 2093 in
1267 2030 1577 2111 Bulgaria
1644 2032 1987 2113 imperanti
2044 2031 2235 2095 deum
2313 2030 2579 2111 diligere
2656 2049 2732 2091 ac

177 2138 432 2201 timere.
530 2134 869 2200 Fratribus
927 2136 1007 2201 de
1064 2136 1286 2202 ordine
1341 2136 1616 2200 fratrum
1677 2138 1997 2202 minorum
2052 2140 2118 2201 in
2176 2144 2386 2202 terras
2412 2135 2736 2213 ‚Sarrace-

180 2266 436 2323 norum,
485 2244 917 2325 Paganorum,
968 2244 1342 2323 Grecorum,
1392 2241 1842 2325 Bulgarorum,
1877 2243 2328 2323 Cumanorum,
2361 2243 2734 2324 Ethiopum,

185 2352 534 2433 Syrorum,
583 2349 958 2430 Iberorum,
1009 2351 1403 2431 Alanorum,
1463 2349 1905 2431 Gazarorum,
1963 2350 2325 2415 Gothorum
2348 2401 2363 2432 ,
2423 2349 2735 2429 Sicorum,

184 2456 656 2536 Ruthenorum,
690 2455 1165 2537 Iacobinorum,
1188 2456 1653 2537 Nubianorum,
1677 2456 2183 2536 Nestorinorum,
2204 2457 2738 2538 Georgianorum,

190 2562 1005 2651 Armenorum,lIndorum,
1053 2564 1500 2628 Mesolitorum
1546 2564 1950 2646 aliarumque
1995 2564 2352 2628 infidelium
2399 2564 2743 2629 nacionum

192 2671 461 2734 orientis
494 2690 608 2733 seu
640 2690 1168 2751 quarumcunque
1201 2670 1477 2734 aliarum
1509 2672 1801 2753 parcium
1832 2670 2408 2753 proficiscentibus.
2487 2669 2742 2733 Dilecto

191 2778 259 2839 in
295 2774 551 2840 Christo
595 2775 781 2839 fratri
830 2825 843 2839 .
882 2826 895 2840 .
934 2825 946 2839 .
996 2777 1365 2857 patriarche
1400 2777 1760 2846 Grecorum
1806 2778 2104 2860 spiritum
2152 2777 2367 2859 gracie
2415 2775 2741 2840 salutaris.

195 2881 369 2964 Quia
414 2881 605 2948 hodie
653 2890 752 2946 est
797 2883 1176 2964 catholicuS,
1227 2905 1377 2965 ergo
1425 2907 1553 2948 non
1601 2885 1885 2948 scribere
1934 2885 1992 2947 ei
2039 2885 2149 2947 sic.

470 3148 982 3214 Provinciale.
2786 3172 2905 3226 Fol.
2948 3170 3066 3223 10¹².

335 3308 457 3372 Isti
488 3313 640 3372 sunt
671 3309 957 3393 episcopi
987 3310 1106 3375 sub
1128 3310 1423 3375 Romano
1589 3311 1970 3391 Anagninus
2173 3309 2476 3392 Signinus

194 3415 528 3501 pontifice,
578 3416 690 3496 qui
720 3437 849 3479 non
881 3423 1034 3479 sunt
1062 3417 1127 3479 in
1160 3416 1427 3480 alterius
1590 3415 1976 3481 Ferentinas
2172 3417 2510 3481 Alatrinus

197 3523 537 3608 provincia
584 3523 980 3587 constitutit²
1590 3522 1956 3586 Verulanus
2175 3524 2656 3588 Terracinensis

340 3628 694 3708 Ostiensis,
761 3628 1172 3711 Portuensis,
1230 3630 1429 3694 Alba·
1594 3628 1880 3694 Soranus
2176 3629 2533 3694 Fundanus

200 3738 463 3815 nensiS,
557 3734 1042 3817 Penestrinus3,
1137 3738 1431 3819 superius
1596 3735 1955 3801 Graietanus

202 3844 579 3909 nominatus
627 3840 1200 3925 CivitatispapaliS,
1250 3842 1432 3908 Sabi·
1595 3842 2013 3906 Furcinensis
2178 3844 2582 3908 Marsicanus

205 3950 467 4028 nensis,
526 3947 971 4030 Tusculanus,
1032 3949 1432 4031 TiburtinuS,
1596 3949 1936 4014 Valvensis
2181 3949 2494 4013 Teatinus

205 4056 547 4120 Reatinus,
1275 4108 1279 4112 .
1596 4057 1954 4120 Pennensis
2178 4055 2542 4139 Aprutinus

394 4268 411 4299 ¹
452 4268 524 4320 Es
560 4269 722 4322 stand
759 4269 1145 4339 urspriinglich
1183 4270 1277 4323 da:
1319 4271 1572 4337 civitam,
1613 4270 1848 4324 alsdann
1886 4270 2057 4340 folgte
2096 4272 2185 4324 ein
2221 4270 2416 4324 kurzes
2453 4269 2617 4323 Wort
2653 4269 2767 4321 und

213 4357 423 4411 darauf
451 4358 685 4425 papalis,
758 4360 975 4427 papalis
1024 4361 1097 4411 ist
1144 4357 1315 4411 durch
1352 4358 1803 4413 Unterstreichen
1851 4360 1953 4411 mit
1996 4367 2083 4413 rot
2126 4359 2349 4429 getilgt,
2407 4360 2505 4412 das
2551 4358 2766 4413 vorher-

212 4446 466 4517 gehende
504 4445 669 4499 Wort
707 4447 879 4499 durch
916 4446 1096 4500 Rasur
1131 4447 1373 4500 entfernt
1410 4447 1522 4499 und
1561 4448 1664 4500 auf
1695 4449 1783 4501 die
1821 4447 2001 4501 Rasur
2038 4450 2094 4500 in
2131 4454 2279 4502 roter
2315 4448 2517 4502 Schrift
2553 4449 2770 4516 papalis

214 4540 438 4605 gesetzt.
490 4533 606 4588 Das
642 4553 668 4588 s
705 4537 763 4587 in
789 4537 1028 4590 civitatis
1056 4537 1242 4590 wurde
1269 4535 1489 4589 endlich
1514 4536 1687 4589 durch
1712 4537 1903 4606 langes
1928 4543 2073 4591 rotes
2097 4556 2123 4590 s
2156 4536 2462 4607 korrigiert.
2557 4537 2577 4567 2
2617 4536 2772 4591 Dazu

217 4623 452 4677 Zeichen
491 4624 604 4676 und
640 4624 819 4677 neben
859 4624 1175 4677 demselbcn
1212 4624 1446 4678 Zeichen
1484 4642 1573 4678 am
1612 4624 1803 4678 Raude
1842 4626 2011 4680 links:
2049 4626 2403 4694 provinciale.
2522 4625 2543 4656 ³
2586 4625 2773 4679 Durch

221 4711 669 4767 Unterstreichen
707 4714 809 4765 mit
843 4718 931 4766 rot
965 4713 1177 4782 getilgt.

2277 4808 2349 4855 2*
