3242 5184
199 2981 310 3037 Fol.
351 2987 419 3035 90
430 2981 471 3036 ¹³.

1550 273 2035 337 -174—

693 449 879 533 Quod
946 449 1428 514 abbreviatores
1493 451 1560 514 in
1626 450 2042 534 expediendis
2108 450 2386 533 negotijs
2447 451 2733 532 partium
2796 449 2880 514 ad
2958 471 3064 514 eos

514 558 1025 640 provenientium
1072 556 1410 638 diligentes
1458 556 1759 638 existant,
1809 564 1873 621 et
1920 558 1974 620 si
2020 557 2233 622 forent
2266 557 2562 639 impediti
2591 557 2660 620 in
2692 556 3063 621 infirmitate

513 664 613 727 vel
668 664 796 728 alia
851 662 930 726 de
986 685 1211 744 causa,
1278 664 1547 745 negocia
1601 663 1865 728 minime
1921 665 2258 747 recipiant.
2359 661 2607 744 Quodsi
2664 665 3064 746 receperintl

512 770 878 835 huiusmodi
925 771 1204 853 negotia,
1252 770 1382 851 illa,
1431 790 1626 851 quam
1673 770 1953 852 primum
2001 771 2093 834 eis
2154 769 2685 853 impedimentum
2750 776 3062 851 occurret,

510 879 860 943 restituant
896 877 1212 961 partibus
1305 876 1393 941 Et
1439 877 1493 939 si
1540 877 1951 959 reperiantur
1996 876 2353 959 culpabiles
2400 878 2467 940 in
2514 876 2840 959 predictiS,
2894 877 3064 940 circa

514 1006 829 1067 expensas
862 991 928 1050 et
959 983 1195 1049 damna
1225 985 1513 1066 ipsarum
1544 984 1829 1065 partium
1859 984 2365 1065 vicecancellarii
2403 983 2671 1048 arbitrio
2691 983 3061 1066 puniantur.

692 1089 879 1173 Quod
944 1113 1061 1174 pro
1135 1097 1434 1156 notarum
1508 1090 1609 1154 vel
1673 1090 2037 1155 litterarum
2102 1091 2285 1174 signo
2348 1090 2547 1154 nichil
2610 1091 2969 1172 recipiatur
3030 1112 3066 1153 a

511 1199 782 1281 notarijs
809 1198 929 1262 ·vel
975 1197 1534 1262 abbreviatoribus
1583 1197 1996 1281 supradictis

690 1304 878 1387 Quod
933 1326 1049 1387 pro
1104 1303 1438 1388 portandis
1494 1305 1727 1368 litteris
1784 1304 1863 1368 de
1921 1305 2193 1368 cameris
2239 1305 2642 1369 notariorum
2687 1303 2771 1368 ad
2819 1325 3063 1368 correc-

512 1414 748 1476 toriam
800 1411 902 1476 vel
957 1411 1037 1475 de
1093 1411 1482 1476 correctoria
1537 1411 1619 1475 ad
1677 1410 2127 1475 cancellariam
2174 1411 2371 1476 nichil
2419 1411 2714 1492 exigatur
2758 1410 2860 1475 vel
2909 1411 3061 1475 reci-

512 1521 731 1602 piatur
776 1540 816 1582 a
861 1517 1359 1601 procurantibus
1408 1517 1885 1600 expeditionem
1931 1517 2301 1583 huiusmodi
2346 1516 2731 1598 litterarum,
2779 1518 2981 1581 etiam
3012 1518 3062 1580 si

511 1627 713 1709 gratis
760 1625 854 1690 eis
903 1623 1193 1690 oblatum
1239 1624 1453 1689 fuerit.
3057 1690 3062 1696 ,

690 1730 937 1814 Quodsi
991 1732 1387 1797 contrarium
1450 1731 1688 1814 aliquis
1744 1730 1995 1813 fecerit,
2052 1730 2322 1814 duplum
2383 1731 2725 1796 restituere
2769 1736 3065 1796 teneatur

512 1845 578 1903 et
622 1839 783 1903 alias
830 1838 1099 1904 arbitrio
1144 1838 1648 1921 vicecancellarij
1701 1840 2027 1921 puniatur.
2044 1839 2070 1877 2

690 1944 879 2027 Quod
912 1945 1415 2027 abbreviatoreS,
1438 1946 1550 2027 qui
1569 1944 1886 2009 tenebunt
1919 1935 2208 2010 cameras
2242 1946 2639 2009 notariorum
2672 1951 3061 2024 nostrorum,

512 2053 752 2135 quique
798 2052 1202 2117 vocabuntur
1247 2051 1331 2116 ad
1377 2052 1828 2116 cancellariam
1884 2075 2000 2135 pro
2055 2052 2288 2117 litteris
2338 2053 2801 2134 examinandiS,
2852 2054 3062 2116 iurare

509 2160 796 2224 habeant
839 2161 904 2223 in
952 2159 1251 2224 manibus
1297 2159 1803 2242 vicecancellarij
1855 2158 1976 2223 sub
2022 2159 2144 2224 hac
2190 2160 2423 2225 forma:

775 2390 1053 2456 Forma
1098 2391 1516 2455 iuramenti
1564 2390 2256 2456 abbreviatorum.3

686 2534 827 2616 Ego
875 2583 889 2598 .
928 2583 942 2598 .
992 2534 1404 2599 abbreviator
1448 2535 1610 2615 iuro,
1660 2533 1834 2615 quod
1866 2532 2142 2598 offitium
2173 2555 2387 2598 meum
2419 2533 2698 2617 fideliter
2727 2535 3059 2615 exerceb0‚

512 2641 728 2706 dolum
762 2663 876 2706 seu
908 2641 1204 2705 fraudem
1236 2641 1520 2722 aliquam
1554 2640 1728 2704 circa
1757 2641 1971 2723 ipsum
2018 2639 2293 2704 offitium
2340 2664 2468 2706 non
2517 2642 2918 2707 committam
2949 2663 3060 2704 nec

512 2749 909 2813 consentiam
974 2746 1417 2828 committenti,
1467 2752 1533 2810 et
1596 2747 1650 2810 si
1716 2748 1915 2810 sciam
1981 2746 2262 2829 aliquem
2320 2747 2537 2813 dolum
2594 2770 2707 2813 seu
2768 2749 3058 2813 fraudem

511 2857 682 2919 circa
717 2855 836 2918 hec
884 2855 1409 2934 committentem,
1445 2853 1705 2919 domino
1754 2903 1768 2917 .
1807 2904 1819 2918 .
1869 2854 2414 2937 vicecancellario,
2464 2856 2848 2937 quamtitius
2897 2878 3057 2921 com-

511 2962 697 3027 mode
730 2968 974 3044 potem,
1013 2960 1332 3025 revelabo.
1410 2960 1802 3025 Taxationes
1840 2966 1864 3044 ΙΙ
1900 2944 2199 3025 notarum
2230 2982 2346 3044 per
2392 2961 2721 3028 dominum
2768 2969 3056 3027 nostrum

513 3069 842 3135 dominum
873 3067 1229 3132 Iohannem
1275 3066 1498 3131 XXII.
1550 3089 1872 3132 summum
1918 3067 2288 3151 pontificem
2322 3069 2653 3133 ordinatas
2688 3069 3055 3152 diligentius

511 3175 868 3240 observabo
907 3195 1024 3238 nec
1056 3173 1302 3256 aliquid
1335 3162 1616 3239 scienter
1647 3196 1763 3258 per
1794 3196 1896 3239 me
1928 3175 2028 3238 vel
2060 3175 2259 3240 alium
2292 3177 2544 3257 exigam
2592 3196 2705 3239 666
2751 3177 3054 3260 recipiam

509 3283 683 3346 ultra
727 3282 892 3346 illas.
986 3281 1114 3346 Pro
1164 3281 1526 3362 signatione
1572 3288 1872 3347 notarum
1933 3303 2046 3346 seu
2108 3289 2259 3347 note
2332 3288 2448 3346 aut
2509 3283 2898 3367 petitionum
2963 3282 3053 3346 vel

509 3390 840 3473 petitionis
889 3388 1087 3452 nichil
1135 3389 1466 3471 recipiam.
1556 3387 1723 3453 Item
1769 3411 1899 3453 non
1945 3389 2255 3472 recipiam
2309 3390 2656 3474 petitiones
2714 3411 2829 3454 seu
2876 3395 3052 3455 notas

508 3497 873 3560 litterarum
929 3495 1257 3559 audientie
1321 3500 1540 3582 preter
1596 3516 1735 3576 eaS,
1804 3516 1929 3579 que
1975 3496 2170 3559 michi
2218 3496 2297 3559 de
2345 3497 2667 3561 communi
2714 3497 2872 3560 data
2917 3517 3049 3579 pro-

509 3604 796 3682 veniant,
845 3602 969 3665 nisi
1026 3601 1104 3665 de
1152 3600 1460 3667 mandato
1509 3602 1752 3666 domini
1799 3602 2306 3686 vicecancellarij
2359 3624 2474 3667 seu
2519 3603 2782 3685 notarij,
2833 3610 2900 3668 et
2940 3603 3047 3665 has

509 3710 855 3793 petitiones
888 3709 1195 3790 recipiam
1226 3730 1344 3791 per
1390 3731 1619 3774 manus
1670 3708 1943 3774 duorum
1988 3709 2089 3772 vel
2137 3711 2326 3773 unius
2373 3711 2571 3775 iurati
2620 3708 3045 3774 distributoris

509 3838 759 3897 earum,
827 3815 938 3898 qui
985 3815 1070 3879 sit
1116 3814 1530 3882 abbreviator
1574 3837 1691 3899 per
1735 3817 1925 3880 unius
1972 3817 2210 3881 mensis
2275 3817 2375 3881 vel
2437 3818 2690 3881 minus4
2755 3817 3042 3901 spatium,

507 3930 700 4006 prout
745 3927 845 3986 est
889 3921 990 3986 vel
1037 3920 1233 3986 fuerit
1278 3923 1649 3987 ordinatum
1695 3945 1823 4007 per·
1856 3924 2174 4006 notariOS,
2234 3909 2626 4007 duraturus,
2669 3924 2902 4007 quibus
2954 3919 3042 3984 vel

508 4031 611 4094 cui
660 4027 1009 4094 succedant
1055 4029 1162 4112 alij
1216 4028 1705 4095 abbreviatores
1755 4029 1950 4094 simili
1997 4031 2187 4096 modo
2234 4031 2450 4095 iurati.
2545 4030 2713 4096 Item
2771 4031 3038 4113 aliquam

505 4137 845 4219 legendam
906 4158 1034 4200 non
1098 4136 1368 4219 signabo
1434 4137 1572 4201 sine
1630 4136 1936 4202 mandato
1992 4139 2228 4221 notarij
2288 4159 2407 4202 nec
2462 4138 2545 4202 ad
2602 4137 3036 4203 correctoriam

504 4245 945 4307 transmittam
992 4243 1092 4307 vel
1139 4242 1414 4326 portabo
1463 4245 1602 4308 sine
1650 4243 1959 4309 mandato
2005 4245 2265 4327 notarij.
2346 4244 2514 4308 Item
2546 4245 2789 4309 nullam
2835 4248 3033 4308 notam

506 4372 618 4414 seu
665 4351 1043 4434 petitionem
1091 4350 1391 4433 signabO,
1457 4351 1586 4415 nisi
1634 4352 1766 4415 sint
1812 4350 1891 4415 de
1939 4373 2197 4415 camera
2242 4352 2479 4434 notarij
2532 4352 2771 4416 domini
2817 4350 2935 4414 mei
2978 4351 3034 4409 et

685 4548 702 4579 ¹
740 4547 859 4602 Das
894 4548 1087 4604 zweite
1123 4565 1154 4602 6
1190 4563 1289 4602 aus
1328 4550 1344 4600 i
1382 4547 1693 4618 korrigiert.
1805 4548 1827 4579 ⁹
1863 4547 2097 4602 Hdschr.
2136 4549 2453 4617 puniantur.
2564 4549 2586 4580 ⁸
2621 4549 2732 4602 Am
2768 4546 2914 4602 Ende
2946 4543 3031 4596 der

455 4625 463 4632 ¹
505 4636 990 4707 vorhergehenden
1026 4636 1190 4691 Zeile.
1353 4636 1376 4667 ⁴
1415 4636 1769 4692 Undeutlich.

3197 2122 3225 3369 ζ
