3242 5184
177 1038 295 1094 Fol.
335 1043 401 1094 29
416 1037 458 1094 ¹³.

1559 319 2003 384 —54—

497 522 625 565 non
671 498 980 583 percepit,
1021 498 1162 565 ,sive
1211 497 1291 561 de
1337 496 1495 562 ortis
1545 502 1611 560 et
1666 494 1960 577 virgultis
2015 499 2081 557 et
2134 493 2604 578 piscationibus
2658 494 2893 559 vestris
2950 492 3064 558 vel

497 604 576 670 de
622 605 1035 669 nutrimentis
1083 603 1463 669 animalium
1491 607 1874 682 vestrorum,
1920 600 2138 665 nullus
2177 623 2217 666 a
2252 601 2435 666 vobis
2474 600 2758 665 decimas
2797 601 3068 684 exigere

494 710 597 775 vel
650 717 1034 794 extorquere
1089 702 1439 794 presumat.
1533 707 1990 773 Interdicimus
2044 727 2196 774 vero
2254 708 2572 791 episcopis
2628 712 2694 773 et
2748 708 2895 790 alijs
2954 729 3068 772 ec-

497 816 840 882 clesiarum
897 818 1195 902 prelatiS,
1251 817 1376 881 nisi
1433 821 1689 881 servato
1746 814 2093 879 evectionis
2156 835 2424 879 numero
2489 815 2557 879 in
2619 814 3067 882 Lateranensi

497 924 767 989 concilio
833 925 1216 1006 constituto,
1272 924 1340 988 in
1394 923 1624 988 vestris
1680 922 2093 1005 monasterijs
2147 921 2487 1004 hospitari.
2586 921 2694 986 Ad
2748 924 3066 1006 grangias

497 1037 715 1096 autem
768 1036 1016 1096 vestras
1078 1036 1144 1095 et
1197 1029 1282 1095 ad
1337 1034 1553 1095 curtes
1606 1028 1982 1113 hospitandi
2036 1029 2259 1111 gracia
2312 1050 2442 1094 non
2486 1028 2614 1094 nisi
2657 1029 2726 1094 in
2763 1030 2780 1118 ΙΙ
2818 1051 3070 1114 magna

495 1138 884 1204 necessitate
931 1137 1255 1202 divertant
1300 1143 1366 1202 et
1409 1141 1564 1201 tunc
1620 1137 1906 1201 contenti
1962 1137 2091 1200 sint
2141 1136 2432 1218 ipsarum
2489 1137 2898 1202 mansionum
2954 1160 3065 1222 cy-

496 1245 700 1329 barijs
749 1245 1074 1310 consuetis
1113 1265 1260 1309 cum
1295 1244 1637 1309 honestate
1676 1249 1872 1325 atque
1909 1243 2183 1308 caritate
2221 1241 2546 1307 exhibitis.
2622 1241 2801 1307 Nulli
2837 1250 3068 1310 autem

499 1351 775 1416 seculari
839 1372 1111 1435 persone
1172 1351 1273 1415 vel
1338 1350 1774 1416 ecclesiastice
1846 1351 1914 1414 in
1988 1349 2209 1431 aliqua
2284 1347 2619 1414 domorum
2693 1356 3067 1417 vestrarum

496 1459 694 1523 liceat
739 1457 1044 1522 carnibus
1089 1459 1264 1522 vesci
1300 1458 1427 1522 nisi
1463 1456 1807 1522 manifeste
1845 1455 2228 1539 egritudinis
2268 1476 2484 1538 causa,
2534 1462 2601 1521 et
2634 1456 2758 1522 hoc
2793 1458 2863 1522 in
2901 1460 3065 1523 solis

498 1565 910 1647 monasterijs
957 1563 1491 1631 conventualibus
1534 1564 1788 1628 vestris.
1881 1561 2308 1627 Prohibemus
2355 1564 2647 1646 insuper,
2703 1585 2787 1629 ne
2835 1565 3067 1647 aliqua

495 1692 774 1756 persona
819 1670 1055 1736 fratres
1103 1670 1346 1737 ordinis
1382 1670 1582 1734 vestri
1631 1668 1870 1735 audeat
1915 1668 2000 1733 ad
2046 1669 2366 1734 secularia
2401 1670 2643 1735 iudicia
2680 1693 3063 1755 provocare.

497 1777 623 1843 Sed
674 1778 729 1842 si
788 1778 934 1860 quis
980 1777 1291 1842 adversus
1338 1798 1448 1842 eos
1497 1776 1745 1858 aliquid
1791 1775 1916 1840 sibi
1962 1775 2311 1841 crediderit
2354 1776 2435 1842 de
2480 1778 2622 1842 iure
2669 1783 3065 1861 competere,

499 1883 619 1949 sub
669 1883 1092 1965 ecclesiastici
1138 1884 1433 1948 examine
1478 1881 1698 1965 iudicij
1751 1882 2122 1967 experiendi
2165 1882 2409 1949 habeat
2453 1884 2852 1950 facultatem.
2948 1885 3065 1951 Li-

497 1991 696 2056 citum
753 1969 1051 2075 'preterea
1096 1989 1278 2055 vobis
1335 1990 1421 2053 sit
1475 1989 1543 2053 in
1590 1989 1803 2053 causis
1848 1990 2081 2055 vestris
2127 1989 2365 2055 fratres
2411 1990 2695 2074 ydoneos
2743 1992 2827 2057 ad
2873 1997 3066 2060 testi-

497 2097 822 2162 ficandum
868 2096 1191 2161 adducere
1238 2101 1572 2187 eteorum
1610 2096 2003 2179 testimonio,
2052 2098 2221 2161 sicut
2257 2103 2505 2162 rectum
2542 2097 2758 2181 fuerit,
2806 2106 2875 2165 et
2910 2125 3066 2186 pro-

495 2206 756 2290 pulsare
803 2203 1175 2268 violentiam
1221 2209 1288 2268 et
1330 2203 1658 2268 iusticiam
1705 2203 2067 2269 vendicare.
2161 2202 2591 2268 Prohibemus
2648 2227 2927 2290 quoque,
2980 2232 3066 2276 ne

496 2310 761 2377 cuilibet
791 2310 1226 2376 ecclesiastice
1260 2310 1415 2397 [vel]
1450 2310 1726 2374 seculari
1771 2331 2046 2393 persone
2093 2309 2192 2376 fas
2240 2311 2326 2374 sit
2369 2312 2438 2375 in
2484 2312 2775 2396 ecclesijs
2821 2317 3066 2380 vestris

496 2424 721 2485 contra
784 2421 1031 2483 statuta
1092 2416 1554 2481 Lateranensis
1618 2417 1870 2500 concilij
1925 2417 2144 2481 tallias
2213 2437 2515 2483 exercere
2570 2417 2671 2482 vel
2727 2420 3066 2501 quaslibet

495 2526 659 2592 alias
704 2525 886 2590 vobis
933 2523 1188 2607 ineptas
1246 2527 1312 2588 et
1365 2524 1622 2606 iniquas
1644 2524 1666 2562 ¹
1723 2525 2093 2589 exactiones
2149 2525 2496 2608 imponere.
2598 2523 3067 2592 Interdicimus

496 2634 693 2698 etiam
738 2631 941 2713 vobiS,
988 2651 1070 2694 ne
1114 2630 1311 2712 feras,
1360 2650 1532 2712 aves,
1580 2651 1772 2695 canes
1811 2630 1943 2695 sive
1982 2635 2200 2695 cetera
2243 2630 2612 2696 huiusmodi
2658 2632 3064 2698 curiositatis

496 2739 804 2804 animalia
850 2760 890 2803 a
936 2735 1228 2819 quolibet
1273 2735 1690 2801 nutriendum
1736 2737 1869 2801 sive
1916 2735 2409 2802 custodiendum
2446 2738 2514 2801 in
2561 2736 3063 2824 detractionem,

494 2846 693 2910 vestri
741 2843 984 2910 ordinis
1032 2843 1359 2925 suscipere
1405 2843 1815 2927 presumatis,
1908 2844 2114 2909 Porro
2169 2850 2244 2908 ut
2298 2844 2580 2927 quietius
2638 2844 2757 2909 deo
2815 2848 3064 2912 servire

494 2951 799 3035 possitis²
845 2955 911 3014 et
957 2948 1362 3013 discurrendi
1393 2970 1434 3014 a
1478 2950 1660 3015 vobis
1706 2950 2062 3016 necessitas
2101 2950 2452 3033 auferatur,
2489 2952 2777 3034 presenti
2813 2953 3063 3037 scripto

496 3057 795 3122 duximus
826 3054 1308 3139 indulgendum,
1357 3060 1449 3138 ut,
1498 3057 1553 3121 si
1600 3057 1918 3140 episcopis
1965 3059 2199 3123 vestris
2237 3063 2351 3122 aut
2387 3058 2716 3123 maliciose
2755 3058 3061 3124 differen-

493 3161 670 3227 tibus
733 3162 835 3226 vel
897 3184 1015 3246 pro
1080 3162 1252 3226 iusto
1325 3162 1787 3246 impedimento
1850 3186 1980 3230 non
2042 3164 2408 3230 valentibus
2475 3164 2922 3230 ordinaciones
2993 3174 3064 3231 et

496 3274 715 3334 cetera
771 3268 1211 3333 ecclesiastica
1265 3270 1629 3335 ministeria
1692 3269 1873 3335 vobis
1939 3270 2231 3337 conferre
2305 3271 2589 3353 aliquem
2654 3272 3057 3355 episcopum,

495 3375 574 3441 de
623 3376 808 3440 cuius
855 3375 1269 3440 ordinacione
1318 3381 1384 3440 et
1428 3376 1634 3442 offitio
1679 3378 1873 3460 plena
1921 3378 2004 3441 sit
2041 3377 2224 3443 vobis
2263 3378 2524 3460 noticia,
2570 3377 2893 3462 hospitem
2937 3401 3059 3444 vos

492 3481 735 3547 habere
783 3483 1146 3565 contigerit,
1193 3482 1468 3547 liberum
1517 3484 1603 3548 sit
1648 3482 1831 3549 vobis
1879 3484 1962 3549 ab
2010 3505 2085 3549 eo
2125 3490 2191 3550 et
2227 3485 2674 3551 ordinaciones
2721 3491 2787 3550 et
2832 3489 3060 3551 cetera

495 3592 903 3654 sacramenta
949 3589 1308 3672 suscipere,
1372 3588 1524 3654 dum
1579 3595 1799 3655 tamen
1853 3591 2279 3674 preiudicium
2336 3592 2698 3675 dyocesano
2746 3591 3056 3677 episcopo

493 3717 622 3761 non
681 3694 920 3760 debeat
973 3696 1288 3778 generari.
1391 3696 1702 3762 Preterea
1757 3697 2194 3781 postulatione
2251 3703 2468 3763 vestra
2522 3697 2904 3764 clementius
2951 3698 3054 3761 in-

494 3802 719 3866 clinati
765 3802 1052 3885 presenti
1097 3802 1338 3884 pagina
1384 3800 1683 3866 duximus
1730 3802 2172 3885 inhibendum,
2220 3826 2301 3869 ne
2339 3805 2484 3887 quis
2524 3803 3053 3888 archiepiscopus

492 3908 592 3972 vel
648 3909 987 3992 episcopus
1044 3915 1160 3973 aut
1218 3929 1438 3973 eorum
1494 3908 1791 3974 officialis
1848 3910 2153 3975 ecclesias
2220 3916 2470 3977 vestras
2536 3932 2652 3976 seu
2713 3913 3052 3994 regulares

491 4035 801 4098 personas
858 4036 1082 4080 earum
1139 4015 1385 4098 absque
1439 4015 1786 4081 manifesta
1842 4023 1908 4081 et
1959 4017 2333 4083 rationabili
2396 4039 2596 4083 causa
2657 4018 3048 4085 interdicere

493 4142 608 4185 seu
639 4121 1032 4206 suspendere
1062 4127 1415 4205 presumat.
1501 4121 1630 4187 Sed
1663 4124 1719 4187 si
1757 4124 1914 4206 quid
1944 4125 2011 4188 in
2059 4125 2151 4189 eis
2197 4124 2397 4190 fuerit
2440 4124 2913 4208 corrigendum,
2960 4126 3047 4191 ad

492 4228 896 4294 audienciam
921 4228 1241 4311 generalis
1281 4229 1547 4313 capituli
1576 4229 2199 4296 Premonstratensis
2237 4231 2558 4296 referatur
2596 4238 2660 4297 et
2697 4232 2810 4313 ibi,
2850 4239 3044 4317 prout

490 4335 744 4400 iusticie
790 4340 857 4399 et
899 4335 1229 4401 honestati
1275 4337 1671 4419 congruerit,
1730 4337 2125 4402 emendetur.
2228 4337 2433 4403 Porro
2491 4338 2548 4425 si
2594 4340 2707 4422 qui
2753 4341 3040 4424 episcopi

669 4584 688 4616 ¹
724 4586 744 4637 i
779 4584 1051 4640 zwischen
1075 4587 1132 4639 in
1157 4586 1271 4639 und
1297 4604 1435 4657 quas
1461 4604 1571 4641 von
1595 4587 1830 4642 andei-er
1852 4586 2020 4641 Hand
2058 4589 2159 4641 mit
2195 4588 2494 4644 dunklerer
2518 4588 2686 4644 Tinte
2723 4591 3031 4661 eingesetzt.

491 4674 512 4706 ²
546 4673 672 4730 Von
708 4675 941 4730 anderer
976 4674 1145 4729 Hand
1183 4676 1284 4729 mit
1320 4675 1617 4731 dunklerer
1653 4676 1820 4731 Tinte
1856 4694 1956 4731 aus
1990 4680 2219 4750 potestis
2255 4677 2566 4749 korrigiert.
