3242 5184
1281 273 1771 337 —145—

427 446 607 512 Item'
652 446 1166 530 dispensationes
1215 470 1411 531 super
1465 448 1720 513 defectu
1774 450 2128 529 natalium,
2195 469 2321 530 que
2377 449 2806 514 mittebantur

248 554 373 617 sub
407 554 617 636 sigillo
651 554 999 619 cardinalis
1046 556 1508 639 penitentiarij,
1557 561 1693 619 tam
1723 578 1841 639 pro
1873 555 2282 639 presentibus
2315 576 2512 637 quam
2543 577 2661 638 pro
2695 555 2806 619 ab·

248 660 541 725 sentibus
583 661 1094 743 expediebantur
1124 682 1331 744 usque
1390 661 1474 726 ad
1528 668 1785 747 tempus
1843 661 2084 727 domini
2130 661 2424 744 Gregorij
2485 682 2652 744 pape
2698 661 2807 743 X„

247 769 362 849 qui
406 769 744 832 restrinxit
790 790 899 833 eas
916 773 940 812 1
987 769 1070 833 ad
1124 775 1458 852 presentes
1513 775 1798 851 tantum,
1864 790 2140 852 quarum
2203 768 2384 832 nulla
2446 768 2806 850 legebatur,

245 875 375 938 nisi
421 874 656 939 fuisset
698 897 816 959 pro
862 877 1035 940 natis
1084 876 1163 940 de
1211 876 1530 941 adulterio
1577 877 1678 940 vel
1723 876 2133 959 regularibus
2191 881 2306 940 aut
2357 876 2609 939 incestu
2662 898 2806 958 pro-

246 982 508 1047 creatis,
549 1069 556 1077 ,
603 982 744 1047 Ista
782 982 978 1048 hodie
1025 983 1282 1048 dantur.

426 1089 596 1153 Item
644 1091 982 1154 citationes
1032 1091 1196 1153 citra
1243 1090 1404 1155 duas
1453 1091 1683 1156 dietas,

424 1195 595 1261 Item
643 1197 1151 1261 examinationes
1199 1199 1464 1261 testium
1512 1199 1982 1262 sententiarum
2028 1196 2429 1280 prolatarum
2475 1217 2592 1280 per
2624 1195 2804 1260 audi-

243 1309 421 1368 tores
471 1324 512 1367 a
552 1304 848 1368 Romano
894 1301 1198 1387 pontifice
1247 1304 1591 1387 deputatos
1641 1304 1724 1368 ad
1771 1302 2150 1368 mandatum
2197 1302 2511 1367 auditoris
2562 1302 2806 1367 factum

242 1432 361 1492 per
409 1412 694 1492 sigillum
739 1411 840 1475 vel
885 1412 1194 1475 nuncium
1242 1410 1589 1493 specialem
1635 1410 2164 1494 expediebantur.

424 1515 594 1581 Item
641 1517 1163 1582 confirmationes
1210 1518 1513 1599 legantur
1555 1538 1672 1600 per
1707 1517 2337 1581 'vicecancellarium.

298 1702 301 1705 .
423 1623 592 1688 Item
622 1625 958 1708 privilegia
990 1625 1356 1688 communia
1398 1646 1528 1689 non
1572 1623 1977 1705 legebantur,
2027 1623 2141 1687 sed
2190 1625 2433 1706 scripta
2477 1624 2546 1686 in
2576 1644 2804 1705 grossa

242 1752 363 1813 per
409 1731 1009 1795 vicecancellarium
1054 1730 1484 1814 portabantur
1532 1730 1615 1794 ad
1661 1750 1919 1813 papam,
1969 1735 2042 1793 ut
2087 1730 2515 1812 signarentur.

418 1835 591 1900 Item
619 1838 958 1920 privilegia
988 1844 1452 1921 exemptorum,
1503 1838 1557 1901 si
1588 1843 1897 1919 petantur
1940 1837 2237 1901 renovari
2251 1842 2295 1917 2,
2342 1836 2642 1918 legantur
2686 1858 2803 1920 per

241 1944 575 2007 notarium
623 1949 688 2008 et
733 1944 1352 2009 vicecancellarium.
2328 2016 2334 2021 ,

423 2049 591 2114 Item
636 2051 1040 2133 indulgentia
1085 2050 1152 2115 X
1198 2052 1447 2116 dierum
1491 2072 1608 2134 pro
1656 2049 2178 2115 benefactoribus
2227 2051 2633 2132 leprosorum
2679 2072 2797 2133 per

240 2176 440 2220 unam
498 2157 826 2222 civitatem
873 2162 940 2222 et
992 2157 1316 2241 dyocesim
1379 2157 1534 2222 data
1589 2157 1714 2233 fuit
1773 2177 1979 2239 usque
2041 2156 2122 2220 ad
2186 2162 2443 2240 tempus
2494 2156 2790 2240 Gregorij

114 2312 125 2319 .
241 2284 414 2346 pape
460 2262 544 2327 X.

419 2369 588 2433 Item
621 2369 700 2435 116
748 2370 964 2436 danda
1007 2372 1272 2436 licentia
1315 2370 1644 2435 nobilibus
1692 2369 2148 2434 construendi3
2193 2369 2530 2453 capellam,
2579 2371 2634 2434 si
2666 2372 2798 2434 sint

239 2476 325 2541 ab
375 2477 651 2541 ecclesia
695 2478 966 2542 matrice
1011 2480 1262 2543 remoti.

416 2583 558 2648 Hec
613 2584 811 2648 etiam
870 2584 1067 2648 datur
1120 2585 1439 2667 religiosis
1500 2583 1578 2647 de
1638 2604 1801 2647 novo
1863 2582 2313 2647 edificantibus
2361 2588 2428 2647 et
2473 2584 2797 2648 scribatur

244 2688 628 2773 dyocesanO.

415 2795 585 2860 Item
608 2796 959 2878 „Nonnulli
989 2798 1356 2880 iniquitatis
1387 2797 1571 2880 filij⁴‘‚
1606 2796 1719 2860 ubi
1750 2796 2118 2879 mandatur,
2154 2796 2328 2879 quod
2361 2797 2791 2878 occultatores

234 2901 554 2967 bonorum
620 2904 1202 2968 ecclesiasticorum
1269 2911 1335 2969 et
1397 2904 1504 2987 alij
1575 2903 1813 2985 occulti
1882 2904 2199 2986 sacrilegi,
2268 2905 2379 2985 qui
2445 2905 2597 2968 sciri
2660 2926 2791 2968 non

231 3015 544 3092 possunt,
612 3011 737 3074 nisi
802 3017 952 3094 post
1009 3013 1427 3075 monitionem
1485 3010 1742 3093 publice
1798 3011 1867 3074 in
1925 3011 2215 3093 ecclesijs
2275 3032 2492 3074 coram
2548 3011 2788 3094 populo

232 3115 475 3181 factam
498 3115 948 3198 satisfecerint,
972 3119 1608 3182 excommunicantur
1628 3122 1694 3180 et
1725 3116 2199 3181 denunciantur
2230 3118 2785 3182 excommunicati.

413 3222 576 3287 Dari
623 3224 789 3287 solet
833 3246 950 3307 per
996 3226 1339 3306 notarium,
1390 3223 1503 3287 sed
1550 3223 1983 3288 modo‘datur
2012 3245 2132 3307 per
2161 3223 2782 3288 vicecancellarium.

412 3330 580 3394 Item
628 3328 821 3394 datur
868 3336 1095 3395 contra
1139 3330 1567 3394 incendiarios
1615 3331 2056 3395 ecclesiarum.
2748 3341 2752 3346 '

417 3441 442 3520 ΙΙ
463 3436 632 3501 Item
672 3437 972 3519 quitquid
1021 3438 1423 3519 contingeret
1470 3442 1709 3501 statum
1756 3438 2191 3528 ecclesiastice
2236 3436 2590 3520 libertatiS,
2652 3439 2783 3502 sive
2839 3452 2959 3507 Fol.
2984 3454 3101 3508 74¹³.

230 3565 351 3627 per
383 3549 630 3608 statuta
667 3543 844 3608 edita
890 3549 1116 3609 contra
1162 3565 1308 3608 eum
1356 3545 1488 3608 sive
1533 3565 1652 3626 per
1699 3545 1954 3626 similia,
2004 3546 2171 3609 solet
2216 3544 2509 3628 expediri
2546 3549 2611 3608 et
2643 3544 2783 3609 dari

229 3650 528 3715 clausula
573 3651 713 3715 illa:
767 3649 1159 3732 „Invocato“
1210 3658 1328 3715 etc.

410 3757 721 3822 Similiter
767 3763 992 3821 contra
1021 3758 1426 3839 imponentes
1459 3779 1624 3821 nova
1657 3757 1931 3841 pedagia
1964 3764 2029 3822 et
2061 3764 2287 3823 contra
2318 3758 2493 3839 leges
2526 3757 2782 3839 legatur

224 3885 345 3948 per
388 3865 733 3945 notarium,
782 3864 837 3927 si
883 3869 1108 3927 contra
1155 3863 1541 3946 specialem4
1585 3865 2021 3948 publicatur53
2072 3865 2360 3946 alioquin
2406 3864 2596 3928 detur
2642 3865 2779 3927 sine

222 3971 525 4036 lectione.

406 4075 716 4142 Similiter
761 4082 986 4141 contra
1029 4075 1454 4160 impedientes
1500 4078 1601 4141 vel
1649 4079 1975 4161 capientes
2022 4077 2189 4158 illos,
2240 4078 2352 4159 qui
2397 4078 2664 4141 veniunt
2694 4074 2778 4139 ad

225 4183 446 4248 sedem
494 4182 945 4267 apostolicam,
994 4189 1060 4246 et
1115 4184 1492 4247 recedentes
1539 4184 1620 4247 ab
1670 4186 1848 4267 ipsa,
1906 4190 2133 4248 contra
2179 4205 2341 4265 quos
2390 4184 2776 4247 sententiam

221 4291 505 4355 Romani
549 4289 870 4373 pontificis
927 4291 1263 4354 annuatim
1325 4291 1432 4353 in⁶
1464 4360 1467 4365 .
1494 4288 1659 4352 tales
1725 4296 1826 4353 ter
1882 4291 2360 4372 promulgatam
2417 4310 2626 4371 usque
2691 4289 2776 4352 ad

223 4396 733 4462 satisfactionem
781 4397 1166 4478 condignam
1210 4395 1530 4478 publicari
1576 4395 1926 4459 mandatur
1972 4396 2365 4479 „Invocato“
2417 4401 2535 4460 etc.

401 4541 419 4572 ¹
458 4539 692 4593 Hdschr.
730 4558 868 4594 eam.
1014 4540 1035 4570 ²
1071 4539 1305 4592 Hdschr.
1330 4539 1591 4593 revocari.
1739 4538 1760 4569 ³
1795 4539 2030 4593 Hdschr.
2068 4540 2450 4594 construenda.
2594 4537 2618 4568 4
2651 4537 2775 4592 Aus

217 4629 449 4699 papales
485 4624 630 4683 ko'nx
775 4629 797 4660 ⁵
833 4628 1066 4682 Hdschr.
1102 4629 1457 4698 penitentiari
1493 4627 1575 4696 [Ἠ.
1720 4628 1743 4659 ⁶
1767 4627 1893 4683 Von
1928 4629 2164 4684 anderer
2198 4628 2369 4684 Hand
2404 4627 2544 4682 fiber
2580 4627 2679 4681 der
2712 4626 2773 4682 Ζ.

323 4733 516 4782 Ennea,
555 4732 724 4774 Theod.
753 4732 810 4775 de
835 4732 997 4784 Nyem.
2280 4720 2345 4770 10
