3242 5184
1226 305 1314 310 —
1399 267 1481 329 63
1565 306 1653 312 fi

164 442 431 508 ecclesia
500 447 568 506 et
631 463 744 522 ea,
811 462 936 524 que
1010 446 1109 505 est
1191 441 1310 506 sub
1390 463 1792 524 paganorum
1867 442 2194 525 tyranide,
2273 442 2352 507 de
2426 445 2716 528 ipsorum

160 550 480 634 spurcicia
546 548 832 614 eruenda
897 547 1366 630 expungnando
1437 549 1735 614 inimicos
1811 551 2020 613 crucis
2093 539 2339 614 Christi
2415 551 2713 616 invocato

157 655 395 721 Christi
470 656 732 721 nomine
804 655 1125 739 intrepide
1198 653 1508 720 laboretis
1585 660 1652 720 et
1721 656 1789 719 in
1861 678 2017 720 usus
2089 661 2375 738 vestroS,
2444 678 2568 739 que
2638 656 2716 720 de

157 763 377 847 spolijs
443 764 737 847 ipsorum
801 762 1124 844 ceperitis,
1191 762 1604 843 convertatiS,
1678 767 1744 827 et
1809 784 1889 827 113
1957 761 2034 828 de
2101 762 2226 846 hijs
2284 768 2510 828 contra
2554 763 2716 827 velle

156 876 439 936 vestrum
497 870 868 954 porcionem
922 868 1118 933 alicui
1173 869 1327 934 dare
1397 869 1753 951 cogamini,
1810 869 2226 952 prohibemus
2241 920 2256 951 ,
2324 874 2714 951 statuentes»,

156 984 227 1041 111
288 978 524 1044 domus
591 999 705 1043 3311
767 975 1101 1060 1311111111111,
1162 976 1231 1039 111
1296 997 1424 1058 11110
1490 977 1646 1041 33113
1711 975 1795 1041 ad
1861 976 1963 1040 dei
2028 976 2288 1041 laudem
2336 982 2401 1041 et
2446 977 2718 1065 glssoriam

157 1090 351 1168 atque
420 1084 865 1150 defensionem
931 1104 1193 1148 suorum
1258 1082 1546 1148 fidelium
1611 1088 1678 1147 31
1739 1082 2146 1148 liberandam
2212 1083 2314 1149 dei
2379 1084 2719 1149 ecclesiam

157 1192 554 1274 congregati,
622 1211 771 1254 cum
835 1190 1134 1255 omnibus
1188 1189 1707 1273 possessionibus
1765 1195 1831 1253 et
1884 1190 2073 1255 bonis
2121 1190 2274 1273 suis,
2334 1212 2459 1272 que
2505 1192 2716 1274 inpre-

157 1299 525 1362 senciarum
570 1297 866 1379 legitime
919 1295 1159 1361 habere
1216 1296 1626 1379 cognoscitur
1682 1301 1797 1360 aut
1849 1296 1916 1359 in
1972 1296 2260 1362 futurum
2308 1299 2718 1363 concessione

158 1404 565 1486 pontificum,
630 1403 1026 1468 liberalitate
1090 1424 1315 1486 regum
1378 1403 1479 1467 vel
1542 1403 1906 1486 principum
1972 1408 2091 1467 etc.
2158 1425 2364 1487 usque
2426 1404 2716 1488 adipisci,

158 1512 491 1595 perpetuis
557 1510 790 1575 futuris
853 1509 1252 1592 temporibus
1309 1509 1428 1573 sub
1477 1503 1830 1593 apostolice
1888 1509 2057 1574 sedis
2104 1511 2312 1575 tutela
2358 1516 2425 1576 et
2468 1517 2719 1595 protec-

156 1618 328 1683 tione
395 1618 779 1682 consistant.
881 1616 1180 1681 Presenti
1236 1637 1491 1699 quoque
1549 1615 1808 1681 decreto
1865 1616 2207 1698 sancimus,
2265 1623 2340 1681 ut
2393 1618 2528 1682 vita
2572 1618 2719 1683 reli-

157 1724 354 1807 giosa,
424 1745 554 1806 que
617 1725 685 1788 in
741 1728 959 1787 vestra
1013 1723 1201 1788 domo
1250 1728 1367 1805 est,
1429 1723 1648 1787 divina
1682 1723 2043 1807 inspirante
2090 1724 2330 1805 gracia,
2394 1724 2717 1805 instituta,

158 1830 398 1895 ibidem
448 1829 912 1895 inviolabiliter
957 1829 1333 1895 observetur
1380 1836 1445 1895 et
1490 1829 1725 1894 fratres
1780 1829 1941 1893 inibi
1988 1830 2412 1913 omnipotenti
2459 1830 2718 1895 domino

161 1939 515 2003 servientes
564 1942 739 2001 caste
787 1941 853 2001 et
899 1936 1035 2000 31113
1081 1939 1343 2021 proprio
1389 1939 1609 2001 vivant
1663 1941 1729 2000 et
1771 1935 2236 2019 professionem
2297 1958 2482 2002 suam
2530 1937 2719 2002 dictis

161 2049 223 2107 et
273 2045 572 2110 moribus
619 2042 1113 2125 comprobantes
1159 2045 1469 2126 magistro
1518 2066 1634 2109 suo
1683 2048 1816 2124 aut,
1866 2042 2101 2124 quibus
2149 2043 2286 2125 ipse
2322 2044 2716 2127 preceperit.

160 2150 223 2213 in
268 2151 573 2216 omnibus
621 2155 686 2213 et
731 2171 847 2232 per
893 2150 1110 2214 omnia
1157 2151 1433 2216 subiecti
1479 2156 1545 2216 et
1591 2149 1968 2215 obedientes
2015 2149 2315 2213 existant.
2410 2149 2722 2215 Preterea

162 2257 706 2339 quemadmodum
788 2256 1015 2321 domus
1096 2257 1240 2341 ipsa
1306 2258 1499 2322 huius
1573 2261 1795 2321 sancte
1867 2260 2078 2320 vestre
2150 2257 2583 2322 institucionis
2657 2264 2723 2321 et

163 2361 299 2428 fons
374 2364 624 2430 ordinis
702 2368 768 2427 et
849 2363 1029 2445 origo
1104 2385 1246 2429 esse
1317 2354 1702 2449 promeruit,
1768 2363 1863 2426 ita
1925 2361 2377 2427 nichilominus
2435 2365 2721 2428 omnium

163 2469 452 2536 locorum
501 2470 585 2535 ad
635 2491 778 2534 eam
822 2470 1287 2553 pertinentium
1333 2478 1530 2555 caput
1575 2476 1644 2535 et
1672 2470 1986 2552 magistra
2017 2469 2491 2553 imperpetuum
2522 2469 2719 2535 habe-

166 2581 324 2641 atur.
422 2578 532 2642 Ad
585 2577 706 2642 hec
763 2577 1117 2642 adicientes
1173 2578 1594 2661 precipimuS,
1656 2582 1731 2641 ut
1784 2576 2062 2641 obeunte
2120 2578 2307 2661 [te]1,
2376 2576 2609 2643 dilecte
2654 2578 2722 2640 in

169 2682 423 2749 domino
457 2683 554 2748 ffli
590 2685 922 2767 magister,
957 2683 1059 2748 vel
1086 2689 1346 2748 tuorum
1378 2683 1673 2766 quolibet
1705 2704 2147 2747 successorum
2179 2682 2393 2747 nullus
2432 2684 2722 2748 eiusdem

169 2788 390 2855 domus
436 2790 749 2855 fratribus
796 2796 1193 2874 preponatur
1245 2791 1371 2854 nisi
1426 2791 1728 2855 militaris
1787 2796 1852 2854 et
1895 2790 2200 2872 religiosa
2246 2811 2543 2872 persona,
2594 2812 2719 2873 que

167 2903 374 2962 vestre
431 2898 763 2980 religionis
818 2896 1116 2963 habitum
1173 2898 1258 2961 sit
1310 2897 1602 2980 professa
1648 2917 1766 2961 nec
1805 2896 1887 2960 ab
1933 2896 2064 2979 hijs
2120 2896 2244 2959 nisi
2292 2895 2375 2959 ab
2416 2897 2721 2962 ‘omnibus

168 3002 183 3069 l}
216 3001 531 3068 fratribus
596 3004 858 3068 insimul
921 3004 1022 3068 vel
1069 3025 1108 3068 a
1164 3004 1405 3068 saniori
1459 3003 1559 3067 vel
1604 3003 1852 3085 puriori
1900 3024 2123 3068 eorum
2169 3008 2374 3086 parte,
2423 3004 2534 3085 qui
2580 3024 2722 3087 pre-

167 3110 501 3190 ponendus
527 3110 742 3192 fuerit,
765 3111 1063 3193 eligatur.
1116 3110 1319 3175 Porro
1347 3110 1506 3174 nulli
1538 3109 1974 3174 ecclesiastice
2005 3110 2417 3194 seculari[ve]
2450 3132 2722 3193 persone

169 3214 515 3299 infringere
570 3217 671 3281 vel
724 3219 1017 3283 minuere
1071 3218 1267 3282 liceat
1320 3215 1819 3281 consuetudines
1876 3215 1960 3280 ad
2014 3221 2226 3281 vestre
2280 3215 2611 3297 religionis
2659 3221 2726 3279 31

173 3320 355 3406 officij
409 3324 891 3389 observantiam
938 3346 977 3388 a
1033 3325 1344 3406 magistro
1400 3329 1467 3387 et
1518 3323 1832 3388 fratribus
1889 3323 2315 3387 communiter
2368 3323 2721 3386 institutas

171 3424 449 3494 Easdem
497 3451 754 3513 quoque
801 3429 1299 3495 consuetudines
1347 3451 1387 3494 a
1432 3429 1613 3494 vobis
1648 3429 1981 3512 aliquanto
2021 3435 2310 3512 tempore
2349 3429 2724 3495 observatas

175 3538 236 3596 et
265 3538 506 3620 scripto
540 3537 831 3602 firmatas
876 3537 1006 3601 nisi
1051 3537 1134 3601 ab
1184 3559 1279 3618 ec,
1328 3537 1439 3618 qui
1485 3537 1798 3619 magister
1845 3542 1963 3617 est,
2013 3536 2460 3601 consenciente
2505 3542 2725 3600 tamen

178 3642 408 3707 saniori
454 3650 643 3727 parte
691 3643 962 3726 capituli
1018 3665 1148 3708 non
1199 3644 1405 3708 liceat
1452 3643 1780 3729 inmutari.
1873 3642 2302 3708 Prohibemus
2349 3643 2614 3726 insuper
2661 3648 2726 3706 et

179 3750 553 3816 omnimodis
598 3749 1064 3831 interdicimus,
1113 3771 1193 3815 ne
1240 3750 1376 3814 ulla
1430 3749 1872 3814 ecclesiastica
1918 3749 2307 3814 secularisve
2362 3770 2639 3831 persona
2686 3770 2726 3811 a

179 3857 476 3936 magistro
524 3862 589 3920 et
635 3856 948 3921 fratribus
997 3856 1284 3921 eiusdem
1332 3855 1558 3921 domus
1607 3857 1864 3938 exigere
1912 3856 2151 3920 audeat
2194 3855 2563 3937 fidelitateS,
2611 3853 2723 3920 ho-

179 3960 368 4025 minia
416 3984 531 4027 seu
577 3964 943 4028 iuramenta
975 3963 1076 4027 vel
1121 3963 1409 4046 reliquas
1458 3964 1862 4044 securitateS,
1912 3984 2036 4045 que
2085 3984 2125 4027 a
2164 3962 2563 4027 secularibus
2599 3962 2724 4025 fre-

183 4075 581 4145 quentantur.
674 4069 847 4134 Illud
895 4075 1113 4135 autem
1162 4070 1410 4151 scitote,
1469 4071 1806 4153 quoniam,
1875 4070 2043 4134 sicut
2105 4060 2323 4134 vestra
2387 4089 2573 4133 sacra
2628 4068 2723 4130 111-

183 4173 431 4243 stitucio
512 4183 578 4240 et
648 4175 953 4259 religiosa
1026 4176 1267 4241 milicia
1341 4175 1558 4241 divina
1632 4182 1731 4240 est
1784 4175 2198 4259 providencia
2254 4174 2574 4254 stabilita,
2632 4174 2726 4237 ita

184 4277 621 4348 nichilominus
675 4283 916 4347 nullius
980 4284 1109 4348 vite
1171 4282 1589 4365 religiosioris
1654 4282 1924 4347 obtentu
1979 4281 2064 4347 ad
2110 4283 2310 4348 alium
2354 4281 2567 4347 locum
2612 4302 2725 4344 vos

186 4391 470 4453 convenit
514 4389 936 4455 transvolare.
1021 4389 1200 4454 Deus
1234 4390 1424 4471 enim,
1473 4389 1585 4471 qui
1633 4394 1732 4452 est
1762 4388 2311 4453 incommutabilis
2344 4392 2409 4451 et
2440 4393 2722 4466 eternuS,

353 4639 371 4670 ¹
408 4638 525 4695 Der
553 4639 688 4693 Sinn
727 4639 985 4709 verlangt
1021 4657 1091 4692 zu
1129 4639 1368 4693 obeunte
1407 4639 1507 4692 das
1543 4637 1697 4707 Subj.
1737 4645 1791 4692 te
1829 4657 1929 4694 vor
1965 4640 2091 4694 dem
2128 4638 2426 4708 folgenden
2462 4636 2722 4692 Vokativ.

2761 3015 2879 3069 Fol.
2921 3021 2986 3069 34
2999 3016 3038 3069 ¹².
