3242 5184
180 3454 297 3509 Fol.
337 3459 403 3508 86
423 3459 461 3506 ·’.

1522 287 2011 348 -166-

487 463 958 528 Turonensium
1004 463 1347 527 similiuml
1392 484 1519 526 non
1564 462 1853 543 excedat,
1900 467 1966 526 et
2007 462 2087 525 de
2134 461 2321 544 copia
2356 461 2645 543 ipsarum
2678 460 3030 524 attestatio-

488 592 641 635 num
674 591 874 634 unum
907 592 1052 633 cum
1087 569 1352 634 dimidio
1386 569 1661 633 similem
1694 568 2136 633 Turonensem
2169 567 2398 650 notarij
2435 566 2708 650 predicti
2745 566 2824 630 de
2862 567 3034 650 petia

487 676 774 741 eiusdem
820 678 1093 759 regestri
1137 676 1474 759 recipiant,
1524 676 1579 739 si
1628 676 1815 759 copia
1858 676 2003 759 ipsa
2055 675 2121 738 in
2178 673 2449 739 formam
2495 672 2823 756 publicam
2869 672 3032 738 redi-

487 790 695 866 gatur.
789 782 859 850 Si
904 804 1055 848 vero
1120 782 1236 848 fiat
1297 782 1669 847 huiusmodi
1733 783 1920 865 copia
1974 782 2041 845 in
2096 782 2352 865 papir0,
2419 780 2788 863 recipiatur,
2845 787 3036 864 prout

488 912 687 974 supra
733 889 814 955 de
860 890 1006 973 alijs
1054 890 1258 973 copijs
1305 894 1406 954 est
1451 909 1848 972 expressum.

662 995 829 1061 Item
885 996 1059 1079 quod
1122 996 1202 1060 de
1258 996 1582 1061 sententia
1637 995 1982 1060 diffinitiva
2035 1017 2153 1079 pro
2207 994 2502 1077 qualibet
2544 996 2722 1077 petia
2763 995 3036 1076 regestri

487 1104 740 1187 possint
784 1103 1124 1168 duodecim
1172 1103 1414 1168 similes
1461 1103 1752 1186 recipere
1798 1102 2236 1182 TuronenseS,
2287 1100 2367 1166 de
2411 1102 2843 1166 instrumento
2891 1122 3037 1165 vero

486 1209 767 1293 public0,
816 1232 963 1275 cum
1010 1231 1126 1293 per
1171 1231 1241 1274 se
1287 1209 1368 1275 de
1416 1210 1740 1275 sententia
1783 1211 1928 1293 ipsa
1959 1207 2322 1274 confectum
2360 1208 2666 1288 extiterit,
2699 1208 3037 1273 duodecim

488 1317 731 1382 similes
792 1316 1204 1381 Turonenses
1269 1337 1385 1399 pro
1451 1317 1746 1400 qualibet
1803 1316 2079 1399 regestri
2137 1316 2316 1399 petia
2371 1315 2733 1381 debeantur
2795 1322 2866 1380 et
2927 1337 3039 1398 pro

488 1425 703 1508 copia,
752 1425 885 1487 sive
931 1424 997 1486 in
1043 1422 1302 1506 publico
1350 1424 1484 1487 sive
1529 1423 1598 1487 in
1655 1423 1966 1507 simplici,
2027 1430 2342 1505 quantum
2406 1429 2472 1487 et
2526 1428 2720 1506 prout
2765 1423 2849 1487 de
2897 1422 3038 1506 alijs

487 1531 691 1615 copijs
739 1531 1037 1614 superius
1085 1536 1186 1595 est
1230 1550 1624 1614 expressum.

664 1636 833 1703 Item
880 1637 1054 1721 quod
1102 1636 1181 1701 de
1238 1636 1759 1717 interlocutoria,
1788 1642 1943 1719 ‘que
2001 1638 2131 1702 vim
2191 1634 2533 1700 diffinitive
2577 1635 2915 1717 habuerit,
2975 1642 3043 1700 ut

487 1744 569 1808 de
615 1744 939 1809 sententia
984 1765 1183 1828 supra
1239 1744 1529 1827 proxime
1590 1743 1991 1827 exprimitur,
2054 1743 2454 1809 observetur.
2549 1741 2618 1808 Si
2673 1764 2830 1807 vero
2894 1744 3041 1808 talis

487 1851 976 1917 interlocutoria
1038 1851 1167 1914 vim
1224 1849 1564 1916 diffinitive
1621 1871 2037 1934 nequaquam
2092 1850 2335 1916 habeat
2350 1899 2366 1932 ,
2424 1851 2827 1934 recipiantur
2882 1850 3008 1916 duo
3022 1856 3044 1893 ²

490 1957 736 2023 similes
765 1956 1176 2023 Turonenses
1213 1979 1331 2040 pro
1368 1958 1547 2042 petia
1592 1959 1886 2041 regestri,
1937 1962 2009 2022 ut
2047 1978 2245 2041 supra
2278 1957 2536 2038 dicitur,
2584 1957 3039 2041 computando.

489 2064 579 2130 Et
608 2064 665 2128 si
696 2064 776 2129 de
806 2063 1296 2130 interlocutoria
1341 2065 1487 2148 ipsa
1531 2065 2034 2129 instrumentum
2078 2062 2412 2148 publicum
2458 2085 2576 2147 per
2620 2084 2689 2128 se
2736 2063 2890 2145 fiat,
2938 2085 3044 2128 sex

492 2171 733 2236 similes
779 2170 1188 2237 Turonenses
1234 2193 1352 2254 pro
1401 2170 1624 2236 eodem
1671 2172 1872 2255 recipi
1917 2176 2226 2254 poterunt
2270 2170 2722 2235 instrumenta

666 2277 837 2343 Item
881 2278 1199 2359 volumuS,
1248 2278 1596 2343 statuimus
1644 2284 1712 2342 et
1756 2279 1954 2343 etiam
1992 2277 2389 2359 ordinamuS,
2439 2277 2610 2361 quod
2643 2283 2865 2343 cetere
2897 2278 3047 2342 scri-

490 2390 682 2469 pture
726 2385 1064 2450 iudiciales
1109 2389 1418 2450 taxentur
1450 2386 1805 2450 secundum
1834 2386 2098 2451 modum
2130 2385 2429 2468 superius
2461 2384 2898 2468 designatum,
2931 2385 3048 2450 hoc

490 2498 711 2557 tamen
770 2491 1023 2557 adiecto
1083 2498 1148 2556 et
1206 2490 1502 2557 ordinato
1562 2493 1931 2576 specialiter
1986 2498 2053 2557 et
2109 2512 2444 2575 expresse,
2493 2490 2666 2575 quod
2726 2490 3045 2571 videlicet,

491 2592 884 2681 ubicumque
919 2599 985 2662 in
1032 2597 1475 2665 taxationibus
1522 2598 1867 2664 antedictis
1904 2599 1997 2693 'de
2026 2598 2391 2664 Turonensi
2421 2619 2647 2682 grosso
2678 2596 2757 2661 fit
2786 2597 3045 2676 mentiO,

493 2705 559 2770 id
616 2704 699 2770 de
750 2705 862 2771 illo
925 2703 1201 2787 intelligi
1264 2705 1587 2783 volumus,
1651 2706 1962 2789 quamdiu
2016 2705 2315 2772 Romana
2379 2706 2561 2770 curia
2623 2704 2825 2770 fuerit
2890 2704 3048 2768 citra

494 2817 776 2894 montes,
842 2812 956 2877 ubi
1001 2831 1153 2877 vero
1211 2813 1386 2877 ultra
1430 2818 1706 2893 montes,
1762 2812 1970 2878 Rome
2024 2812 2326 2877 videlicet
2379 2811 2481 2877 vel
2535 2814 2602 2876 in
2649 2811 2800 2895 alijs
2857 2809 3048 2874 Italie

493 2918 813 3002 partibuS,
862 2919 1107 2984 curiam
1152 2920 1363 3002 ipsam
1410 2940 1552 2984 esse
1602 2920 1965 3002 contigerit,
2013 2919 2416 2986 Romaninus
2463 2918 2606 2985 loco
2652 2915 3048 2984 Turonensis

495 3030 775 3109 ponatur
821 3031 887 3090 et
934 3032 1346 3110 computetur
1391 3027 1459 3091 in
1504 3026 1949 3092 taxationibus
1997 3025 2363 3092 antedictis.

675 3129 962 3198 Caveant
1006 3139 1225 3199 tamen
1270 3133 1505 3217 notarij
1554 3135 1918 3217 memorati,
1967 3133 2139 3217 quod
2169 3138 2437 3217 propter
2465 3134 2819 3218 premissas
2851 3132 3046 3198 modi-

498 3239 836 3304 ficationes
883 3240 1241 3324 scripturas
1288 3240 1672 3324 prolixiores
1718 3261 2131 3324 nequaquam
2197 3239 2483 3306 efficiant
2538 3261 2753 3323 neque
2807 3244 3049 3324 ponant

499 3343 827 3430 superflua
871 3346 939 3409 in
986 3346 1257 3428 eisdem,
1315 3347 1440 3412 nisi
1497 3354 1694 3430 prout
1745 3348 2184 3412 necessarium
2238 3346 2436 3412 fuerit
2480 3353 2547 3413 et
2592 3354 2692 3413 est
2735 3347 3047 3412 hactenus

504 3451 680 3537 ufieri
726 3458 1126 3534 consuetum,
1174 3474 1294 3518 nec
1339 3453 1669 3519 maliciose
1716 3452 2021 3519 differant
2064 3453 2165 3518 vel
2211 3452 2452 3519 differri
2499 3460 2852 3540 procurent
2898 3452 3045 3519 scri-

499 3565 728 3644 pturas
774 3559 1074 3642 partibus
1135 3560 1489 3643 assignare.
1581 3559 1995 3627 Contrarium
2049 3582 2200 3626 vero
2255 3561 2567 3627 facientes
2628 3561 2897 3645 duplum
2952 3581 3044 3624 re-

501 3667 797 3747 stituant,
846 3672 912 3731 et
956 3670 1013 3731 si
1059 3687 1253 3750 super
1297 3667 1419 3734 hoc
1463 3667 1941 3751 frequentarint
1984 3688 2349 3751 excessum,
2398 3668 2483 3733 ab
2531 3667 2856 3735 auditorio
2914 3664 3046 3732 sui³

501 3772 817 3840 auditoris
865 3778 933 3839 et
975 3773 1267 3857 predicto
1313 3774 1559 3858 palatio
1606 3774 2032 3859 expellantur.

680 3878 993 3946 Volumus
1039 3880 1326 3964 insuper,
1375 3882 1724 3947 statuimus
1772 3887 1840 3947 et
1884 3882 2081 3947 etiam
2128 3881 2522 3963 ordinamus,
2569 3882 2744 3966 quod
2792 3901 3043 3947 venera-

503 3986 668 4051 biles
702 3985 937 4052 fratres
970 3988 1176 4053 nostri
1209 3994 1432 4054 sancte
1462 3987 1758 4054 Romane
1791 3989 2059 4054 ecclesie
2107 3988 2470 4054 cardinales
2517 3990 2601 4055 ab
2647 3988 3043 4055 auditoribus

504 4098 572 4158 et
600 4093 874 4177 notarijs
907 4094 1041 4158 suis
1074 4114 1323 4161 necnon
1355 4096 1754 4161 camerarius
1792 4101 2015 4162 noster
2045 4096 2129 4161 ab
2161 4095 2459 4162 auditore
2489 4097 2590 4162 vel
2618 4095 3043 4162 viceauditore

505 4200 684 4264 curie
730 4221 984 4265 camere
1030 4208 1250 4267 nostre
1286 4202 1621 4286 ipsiusque
1669 4203 1941 4285 notarijs
1975 4225 2052 4267 ac
2084 4204 2282 4267 etiam
2312 4204 2734 4268 marescallus
2762 4203 3043 4269 Romane

507 4306 682 4372 curie
730 4329 770 4371 a
805 4307 1129 4373 iudicibus
1177 4314 1242 4373 et
1287 4296 1559 4393 notarijs
1607 4310 1786 4373 curie
1834 4330 1948 4373 sue
1995 4331 2072 4373 ac
2103 4310 2491 4392 quicumque
2524 4310 2632 4394 alij
2669 4308 3041 4375 auctoritate

508 4414 868 4498 apostolica
915 4436 1146 4480 causas
1191 4416 1260 4480 in
1301 4415 1599 4481 Romana
1647 4416 1828 4481 curia
1875 4416 2212 4480 audientes
2260 4437 2375 4481 seu
2422 4416 2620 4481 etiam
2667 4415 2948 4482 audituri
3007 4434 3042 4476 a

677 4647 695 4679 ¹
733 4646 965 4702 Hdschr.
1005 4664 1107 4702 em.
1328 4648 1349 4681 ²
1383 4665 1410 4704 s
1446 4665 1535 4704 am
1573 4649 1733 4704 Ende
1769 4647 2230 4721 unterpunktiert.
2446 4648 2468 4681 ⁸
2503 4651 2522 4707 i
2558 4648 2704 4709 korr.
2731 4665 2829 4707 aus
2862 4665 2910 4705 o.
