3242 5184
157 887 277 943 Pol.
318 891 385 943 ‘10
394 888 436 941 b.

1511 289 1600 297 -—
1698 252 1820 314 136
1910 288 1999 297 —

741 424 861 490 Ad
906 424 1126 490 idem.

650 567 819 632 Item
865 568 1254 634 tenebantur
1299 567 1573 651 predicti
1620 590 1863 650 omneS‚
1913 568 2104 633 simul
2150 567 2448 633 auditore
2480 566 3027 633 contradictarum

476 680 541 739 et
597 680 959 741 correctore
1023 674 1384 757 adiunctis,
1459 676 1723 740 visitare
1779 675 2108 741 dominum
2181 696 2420 759 papam
2492 675 2560 738 in
2631 672 3028 739 nativitatis¹

475 786 541 845 et
585 782 1077 851 resurrectionis
1124 781 1441 848 dominice
1497 782 1990 862 festivitatibus»,
2057 788 2124 846 et
2180 785 2653 847 consueverunt
2695 779 2924 845 bibere
2970 785 3032 844 et

475 888 810 954 comedere
854 888 1167 972 speciales
1205 911 1346 953 cum
1382 890 1641 955 domino
1672 911 1863 973 papa.
1950 887 2202 971 Quibus
2228 888 2474 971 uetiam
2520 886 2817 953 dominus
2863 906 3033 970 papa

476 995 808 1060 consuevit
853 994 1010 1060 dare
1057 995 1371 1079 speciales
1412 1018 1676 1079 grossas
1708 996 2098 1062 aromaticas
2136 995 2432 1086 proprijs·
2450 993 2750 1060 manibus
2783 991 3029 1057 habun-

478 1100 727 1166 danter.
791 1101 881 1166 Et
911 1102 978 1165 in
1010 1102 1153 1168 istis
1186 1101 1649 1168 festivitatibus
1683 1107 2155 1169 consueverunt
2191 1101 2477 1185 recipere
2515 1088 3032 1166 communionem

477 1206 556 1273 de
601 1208 903 1274 manibus
949 1231 1117 1294 pape
1162 1210 1538 1276 immediate
1583 1215 1734 1294 post
1781 1209 2103 1293 dyaconos
2152 1206 2513 1273 cardinales
2532 1213 2576 1272 2.

742 1439 855 1504 Ad
902 1439 1121 1506 idem.

654 1580 1139 1649 consueverunt
1183 1585 1405 1668 itaque
1452 1584 1688 1668 notarij
1739 1605 1818 1649 ex
1864 1583 2089 1649 ordine
2133 1582 2348 1666 legere
2386 1603 2831 1666 quascumque
2878 1582 3033 1665 peti-

475 1689 685 1755 tiones
719 1712 937 1756 coram
969 1689 1229 1757 domino
1260 1713 1452 1775 papa,
1501 1691 1788 1774 exceptis
1822 1690 2248 1773 dignitatibus
2281 1690 2794 1773 episcopatuum,
2838 1687 3034 1753 abba-

476 1794 716 1860 tiarum
764 1802 830 1861 et
873 1797 1151 1862 aliorum
1197 1798 1620 1882 superiorum.

743 2026 857 2091 Ad
902 2028 1118 2092 idem.

654 2167 821 2234 Item
885 2171 1171 2254 exceptis
1236 2170 1829 2255 dispensationibus
1904 2172 2248 2251 clararnm,
2303 2169 2653 2234 illustrium
2700 2175 2769 2233 et
2815 2190 3036 2253 super-

476 2274 827 2340 illustrium
858 2297 1301 2360 personarum,
1344 2300 1508 2361 quas
1544 2278 1760 2361 legere
1792 2299 1920 2343 non
1953 2277 2298 2359 debebant,
2332 2281 2526 2361 prout
2556 2276 2623 2340 in
2654 2274 3038 2359 provinciali

479 2382 864 2448 cancellarie
908 2383 1161 2468 plenius
1208 2384 1592 2451 continetur.

745 2613 860 2678 Ad
906 2614 1121 2681 idem.

655 2754 823 2822 Item
882 2758 1283 2824 solummodo
1338 2760 1570 2843 notarij
1635 2765 2106 2824 consueverunt
2151 2764 2217 2823 et
2262 2757 2501 2822 debent
2544 2755 2759 2822 facere
2805 2755 3036 2821 abbre-

477 2862 758 2928 viatores
806 2869 873 2928 et
918 2863 1027 2947 alij
1071 2885 1219 2947 non,
1268 2865 1729 2949 cuiuscumque
1774 2865 2260 2949 preeminentie‚
2306 2863 2691 2931 conditionis
2723 2871 2790 2928 et
2828 2868 3037 2928 status

478 2968 721 3035 fuerint
735 2969 778 3035 ³.

744 3200 858 3266 Ad
903 3201 1119 3266 idem.

654 3340 824 3408 Item
868 3343 1065 3427 ijdem
1111 3346 1345 3430 notarij
1397 3346 1798 3414 solummodo
1842 3347 1944 3412 vel
1977 3369 2200 3413 eorum
2232 3345 2719 3412 abbreviatores
2753 3343 2834 3409 de
2866 3345 3034 3427 ipso-

476 3470 620 3513 rum
675 3450 982 3516 mandato
1040 3452 1335 3535 signare*
1389 3461 1862 3520 consueverunt
1914 3476 2135 3520 omnes
2194 3459 2384 3520 notas
2432 3456 2536 3517 et⁵
2581 3472 2841 3534 grossas
2890 3472 3033 3534 pro-

476 3556 795 3620 visionum
842 3563 908 3622 et
952 3556 1191 3623 formas
1236 3581 1597 3644 pauperum
1645 3566 1711 3627 et
1756 3583 2198 3645 quascumque
2244 3560 2408 3626 alias
2456 3558 2709 3642 gracias
2757 3563 2825 3622 et
2853 3557 3033 3622 iusti-

477 3663 639 3727 tiam
673 3665 1095 3748 continenteS,
1130 3671 1196 3731 et
1226 3667 1336 3749 qui
1369 3688 1554 3733 secus
1586 3668 1852 3749 faceret,
1888 3664 2229 3751 derogaret
2260 3665 2464 3733 offitio
2510 3663 2769 3747 notarij.
2848 3663 2940 3729 Et
2983 3664 3033 3727 si

476 3769 645 3835 forte
691 3769 1040 3837 cardinalis
1088 3772 1325 3857 aliquis
1380 3775 1659 3856 gratiam
1722 3775 2008 3858 aliquam
2064 3771 2484 3858 impetrabat,
2542 3770 2850 3836 mittebat
2894 3792 3033 3835 eam

479 3875 599 3942 sub
632 3877 841 3960 sigillo
889 3900 1007 3944 suo
1040 3879 1508 3965 expediendam
1539 3880 1623 3946 ad
1663 3883 2006 3964 notarium,
2049 3902 2242 3965 quem
2272 3878 2552 3959 volebat,
2600 3878 2713 3961 qui
2745 3877 3032 3943 notarius

478 3983 809 4050 scribebat
850 3985 919 4049 in
965 3986 1255 4071 margine
1300 4008 1522 4070 grosse
1559 3987 1874 4054 mittende
1912 3988 1995 4054 ad
2029 3985 2510 4054 cancellariam:
2566 4005 2696 4051 non
2727 3984 2876 4068 legi,
2926 3980 3034 4048 sed

479 4089 774 4158 dominus
821 4092 974 4157 talis
1024 4092 1370 4160 cardinalis
1416 4093 1769 4159 mandavit.

658 4342 675 4373 ¹
713 4341 947 4397 Hdschr.
987 4346 1292 4400 nativitate.
1476 4346 1498 4377 ²
1534 4346 1741 4400 Hierzu
1788 4364 1878 4400 am
1916 4347 2111 4402 Rande
2149 4346 2295 4402 links
2330 4362 2441 4401 von
2478 4341 2723 4398 ‘anderer
2758 4339 2927 4395 Hand
2963 4357 3029 4394 110

477 4429 613 4500 [scil.
647 4429 780 4499 non]
817 4431 931 4486 und
969 4431 1116 4487 links
1152 4434 1267 4487 und
1303 4434 1501 4502 rechts,
1539 4434 1681 4488 nach
1718 4435 1861 4490 oben
1899 4437 2012 4489 und
2051 4442 2223 4492 unten
2259 4430 2794 4506 schlangenformige
2820 4428 3027 4484 Linien.

477 4518 500 4551 ⁸
534 4518 805 4575 Dasselbe
829 4519 1063 4576 Zeichen
1098 4539 1190 4576 am
1226 4521 1422 4578 Raude
1457 4522 1604 4578 links
1643 4526 1747 4579 wie
1783 4524 1949 4579 Anm.
1989 4525 2038 4580 2.
2218 4526 2241 4557 ⁴
2277 4526 2440 4582 Korr.
2478 4529 2653 4586 durch
2677 4521 3027 4595 Unoerpunk-

478 4610 660 4664 tieren
696 4626 798 4664 aus
833 4608 1160 4682 significare.
1341 4611 1363 4643 ⁶
1399 4598 1554 4668 Uber
1590 4612 1690 4668 der
1724 4613 1875 4670 Zeile
1910 4632 2020 4670 von
2057 4615 2291 4671 anderer
2326 4616 2496 4674 Hand
2532 4606 2953 4692 nachgetragen.
