3242 5184
1239 297 1328 302 —
1424 258 1547 323 103
1641 297 1730 303 -—-

206 431 551 515 hospitalis
600 431 678 496 de
724 431 1083 514 Altopassu
1130 432 1212 497 ad
1258 432 1380 497 hoc
1427 434 1580 498 totis
1629 433 1871 499 viribus
1920 433 2281 516 elaborent,
2348 439 2422 498 ut
2476 434 2761 518 undique

207 537 675 604 confluentium
741 534 1102 620 egenorum
1150 541 1396 623 pariter
1459 547 1524 605 et
1585 561 1884 623 egrorum
1957 541 2453 606 necessitatibus
2521 562 2591 606 se
2655 563 2759 607 ex-

208 651 488 730 ponant,
521 644 882 711 'monemus
930 647 1416 712 universitatem
1462 652 1742 712 vestram
1792 653 1857 712 et
1899 647 2237 712 hortamur
2280 648 2346 711 in
2394 646 2652 714 domino
2699 655 2764 714 et

208 754 274 818 in
323 753 773 818 remissionem
818 753 999 818 vobis
1046 754 1438 837 iniungimus
1485 760 1928 837 peccatorum,
1978 755 2285 837 quatinus
2331 760 2406 818 ut
2460 776 2761 838 coopera-

207 867 387 926 tores
433 860 577 927 sitis
625 881 895 943 operum
939 861 1223 944 pietatiS,
1273 861 1651 926 accedentes
1700 859 1783 925 ad
1835 883 1944 925 vos
1985 881 2207 928 eorum
2240 862 2530 942 nuncios,
2581 860 2760 926 dum-

208 966 404 1032 modo
469 989 597 1032 non
662 967 794 1031 sint
855 968 1254 1051 questuarij,
1322 968 1598 1051 benigne
1662 969 1950 1051 recipere
2014 989 2091 1033 ac
2152 968 2420 1033 honeste
2480 972 2764 1039 tractare

208 1075 474 1156 curetiS,
514 1075 606 1139 eis
637 1077 826 1156 grata
870 1074 1163 1139 subsidia
1209 1080 1274 1138 et
1317 1075 1460 1158 pias
1509 1075 1895 1141 elemosinas
1944 1074 2367 1157 conferentes,
2414 1080 2507 1157 ut,
2539 1074 2557 1163 Η
2587 1074 2761 1158 quod
2798 1085 2917 1141 Fol.
2956 1090 3022 1139 54
3038 1086 3080 1138 b.

205 1180 609 1265 pauperibus
657 1181 1058 1246 contuleritis
1089 1203 1206 1265 per
1236 1203 1467 1247 manus
1515 1203 1757 1248 eorum.
1785 1183 1851 1245 in
1897 1183 2109 1263 terris,
2157 1181 2341 1246 vobis
2388 1203 2503 1266 per
2533 1204 2764 1247 manus

204 1309 576 1373 pauperum
621 1287 1074 1353 thesaurizetis
1122 1289 1189 1353 in
1236 1289 1430 1371 celis,
1480 1311 1627 1354 cum
1675 1289 1969 1372 apostolo
2018 1288 2407 1371 sencienteS,
2457 1289 2762 1371 quoniam

206 1396 319 1478 qui
399 1415 596 1478 parce
668 1395 981 1477 seminat,
1056 1416 1250 1479 parce
1323 1402 1389 1460 et
1459 1402 1659 1462 metet
1680 1445 1696 1478 ,
1761 1402 1828 1460 et
1898 1397 2015 1478 qui
2085 1396 2363 1460 seminat
2432 1397 2500 1459 in
2571 1395 2764 1461 bene-

205 1502 628 1583 dictionibuS,
667 1501 747 1566 de
779 1502 1338 1568 benedictionibus
1387 1509 1454 1568 et
1488 1509 1690 1568 metet
1733 1504 1933 1567 vitam
1980 1508 2289 1568 eternam.
2368 1503 2500 1568 Nos
2547 1509 2763 1568 autem

206 1609 286 1674 de
355 1610 820 1693 omnipotentis
880 1609 984 1674 dei
1038 1610 1482 1676 misericordia
1539 1616 1605 1677 et
1650 1610 1991 1675 beatorum
2035 1609 2218 1674 Petri
2265 1615 2331 1674 et
2373 1608 2566 1692 Pauli
2612 1632 2765 1694 apo-

206 1716 530 1782 stolorum
577 1718 714 1781 eius
762 1718 1152 1782 auctoritate
1200 1738 1277 1782 ac
1323 1739 1422 1799 ea,
1456 1739 1652 1800 quam
1699 1717 1995 1781 dominus
2042 1716 2229 1781 nobis
2263 1715 2553 1799 indulsit,
2586 1722 2765 1800 pote·

206 1830 387 1889 state
434 1822 660 1888 confisi
707 1823 1035 1905 omnibuS,
1084 1826 1197 1907 qui
1244 1824 1323 1889 de
1370 1823 1791 1890 facultatibus
1850 1824 1983 1888 suis
2031 1825 2190 1907 ipsis
2238 1823 2658 1906 subvenerint
2702 1829 2769 1889 et

206 1933 273 1995 in
310 1938 450 1996 tam
500 1937 726 1995 sancta
771 1929 1182 1996 fraternitate
1230 1933 1576 1996 statuerint
1605 1951 1676 1995 se
1708 1930 1988 2014 collegas
2021 1932 2245 2013 eisque
2276 1929 2594 1995 beneficia
2623 1952 2766 2013 pre-

208 2038 504 2103 stiterint
558 2038 923 2121 annuatim,
991 2038 1336 2103 dummodo
1394 2038 1474 2103 de
1529 2039 1813 2122 peccatis
1872 2039 2005 2102 suis
2064 2058 2174 2103 ore
2221 2037 2481 2102 contriti
2527 2037 2770 2102 fuerint

210 2152 276 2211 et
324 2144 630 2226 confessi,
665 2146 1009 2228 septimam
1046 2152 1298 2228 partem
1347 2147 1632 2210 iniuncte
1669 2146 2034 2228 penitencie
2065 2144 2454 2225 relaxamuS,
2488 2144 2766 2210 auctori-

207 2258 349 2318 tate
413 2252 775 2336 apostolica
831 2258 1221 2334 statuenteS,
1268 2258 1342 2317 ut
1386 2252 1535 2336 hijs,
1584 2253 1696 2336 qui
1745 2273 1965 2316 eorum
2010 2250 2486 2316 fraternitatem
2519 2272 2766 2315 assum-

207 2359 502 2443 pserint,
569 2360 623 2424 si
670 2359 941 2425 ecclesie
963 2410 978 2441 ,
1045 2359 1128 2424 ad
1177 2381 1340 2442 quas
1385 2361 1740 2443 pertinent,
1789 2358 2030 2423 fuerint
2074 2357 2414 2423 interdicte
2459 2359 2770 2441 ipsosque

208 2468 379 2531 mori
427 2467 788 2549 contigerit,
836 2467 962 2530 nisi
1010 2468 1547 2531 excommunicati
1590 2466 1693 2531 vel
1739 2466 2120 2530 nominatim
2165 2465 2493 2530 interdicti
2530 2463 2770 2530 fuerint

209 2580 328 2639 aut
377 2574 575 2638 etiam
620 2572 880 2656 publice
925 2574 1202 2657 usurarij
1246 2578 1362 2638 aut
1393 2573 1555 2638 alias
1589 2573 1683 2639 eis
1717 2595 1757 2638 a
1787 2574 1926 2637 iure
1960 2571 2297 2656 sepultura
2327 2571 2772 2637 ecclesiastica

209 2680 414 2746 fuerit
460 2679 824 2761 interdicta,
874 2679 1101 2745 eadem
1135 2680 1489 2764 sepultura,
1537 2681 1957 2764 pretermissa
1993 2685 2211 2744 tamen
2258 2681 2325 2743 in
2370 2679 2493 2744 hoc
2540 2678 2768 2744 solem-

208 2790 422 2853 nitate
471 2786 683 2869 solita,
731 2809 860 2851 non
897 2794 1185 2871 negetur.
1263 2787 1662 2871 Receptores
1696 2808 1954 2870 quoque
1986 2785 2413 2852 fraternitatis
2447 2791 2513 2850 et
2544 2786 2768 2852 collec-

206 2903 432 2961 tarum
477 2896 785 2978 ipsorum,
835 2894 1014 2960 salvo
1060 2896 1200 2959 iure
1248 2894 1655 2960 dominorum
1702 2916 1995 2976 suorum,
2054 2893 2173 2958 sub
2236 2893 2413 2958 beati
2465 2892 2647 2958 Petri
2706 2898 2772 2958 et

207 3008 442 3068 nostra
471 3002 872 3085 protectione
905 3002 1315 3085 suscipimuS,
1364 3004 1747 3083 statuenteS,
1794 3007 1887 3084 ut,
1922 3002 1977 3065 si
2009 3001 2122 3084 qui
2151 3001 2425 3066 fratrum
2457 3001 2769 3083 ipsorum,

207 3108 330 3193 qui
375 3108 460 3174 ad
507 3107 769 3174 easdem
814 3108 1256 3174 fraternitates
1303 3109 1485 3173 missi
1530 3108 1774 3193 fuerint
1802 3109 1904 3173 vel
1941 3107 2265 3188 collectaS,
2313 3108 2381 3171 in
2413 3107 2774 3189 quamlibet

208 3217 543 3282 civitatem
566 3265 581 3296 ,
650 3214 988 3280 castellum
1044 3215 1146 3281 vel
1201 3217 1412 3281 vicum
1467 3213 1883 3280 interdictum
1946 3214 2361 3295 advenerint,
2425 3214 2494 3278 in
2550 3235 2770 3280 eorum

209 3322 492 3389 iocundo
533 3321 814 3387 adventu
863 3323 1062 3388 semel
1111 3323 1485 3407 aperiantur
1531 3320 1803 3388 ecclesie
1835 3322 2172 3387 annuatim
2205 3326 2289 3402 et,
2339 3322 2769 3387 excommuni-

211 3430 383 3496 catis
418 3435 484 3494 et
514 3430 893 3495 nominatim
927 3430 1288 3496 interdictis
1322 3430 1565 3510 eiectiS,
1615 3428 1835 3493 divina
1865 3429 1957 3493 ibi
1990 3427 2665 3509 officiaycelebrentur,
2704 3435 2772 3493 ut

212 3558 412 3621 super
459 3536 825 3602 elemosinis
873 3535 1282 3621 acquirendis
1330 3558 1446 3620 per
1491 3536 1779 3601 locorum
1828 3534 2223 3619 dyocesanos
2262 3539 2380 3600 aut
2409 3540 2770 3600 vestrarum

213 3644 636 3709 ecclesiarum
683 3651 967 3709 rectores
1015 3645 1115 3709 vel
1163 3643 1423 3709 eosdem
1470 3643 1743 3725 fratres,
1804 3641 2151 3707 dummodo
2210 3641 2444 3726 ydonei
2492 3646 2558 3706 et
2603 3641 2772 3708 bone

213 3751 723 3817 conversationis
757 3751 1059 3832 existant,
1081 3750 1349 3815 verbum
1389 3750 1856 3817 exhortationis
1891 3748 1975 3815 ad
2005 3749 2318 3834 populum
2347 3754 2768 3833 proponatur,

152 3921 157 3927 ,
215 3858 397 3924 salva
440 3858 506 3922 in
554 3857 851 3923 omnibus
900 3857 1289 3941 supradictis
1346 3857 1785 3922 declaratione
1841 3856 2099 3941 concilij'
2149 3855 2490 3940 generalis.
2599 3854 2770 3921 Date

212 3966 412 4049 igitur
457 3965 902 4046 elemosinam,
952 3971 1026 4029 ut
1081 3967 1294 4031 omnia
1341 3964 1582 4029 munda
1629 3965 1760 4029 sint
1804 3964 2015 4047 vobis,
2065 3964 2372 4047 quoniam
2419 3962 2773 4028 elemosina

216 4095 255 4137 a
300 4076 508 4139 morte
554 4071 792 4136 liberat
837 4077 903 4136 et
957 4073 1102 4155 ipsa
1165 4076 1304 4154 est,
1371 4093 1498 4156 que
1544 4077 1783 4155 purgat
1827 4077 2099 4154 peccata
2162 4077 2229 4135 et
2283 4069 2440 4135 facit
2483 4070 2769 4137 invenire

217 4180 412 4244 vitam
451 4185 771 4260 eternam,
820 4180 1003 4260 quia,
1053 4181 1222 4244 sicut
1267 4201 1440 4262 aqua
1486 4179 1701 4262 ignem
1750 4177 2083 4244 ardentem
2131 4177 2467 4262 extinguit,
2517 4175 2611 4241 sic
2642 4176 2769 4242 ele-

218 4286 465 4351 mosina
511 4292 779 4369 peccato
825 4287 1087 4352 resistit.
1538 4292 1543 4297 ’
2553 4304 2558 4309 ·
