3242 5184
203 3059 319 3113 Fol.
363 3064 386 3111 1
396 3064 426 3112 9
439 3056 479 3112 b.

1597 319 2026 383 „36—

524 501 820 578 tempora
866 495 1108 559 domini
1154 494 1501 559 Iustiniani
1533 502 1756 560 sancte

524 601 999 666 recordacionis
1046 602 1329 684 Augusti
1377 603 1752 685 episcopum

523 708 755 772 habuit
813 709 995 772 nulla
1049 708 1149 772 vel
1206 708 1437 772 saltem
1494 708 1750 773 modica

526 815 861 897 dignitatis
891 817 1305 898 prerogativa
1335 815 1745 897 gaudentem.

520 921 840 1005 Tempore
904 943 1055 986 vero
1123 922 1280 985 dicti
1345 921 1465 986 deo
1527 922 1748 986 dilecti

519 1029 830 1112 principis
880 1034 1270 1110 congregata
1316 1034 1418 1092 est
1464 1028 1744 1111 synodus

519 1135 841 1217 generalis
898 1134 1071 1217 apud
1118 1133 1743 1219 Constantinopolim

518 1246 809 1323 tempore
842 1241 1084 1305 domini
1117 1241 1337 1325 Vigilij
1373 1263 1561 1324 pape,
1610 1241 1740 1305 Eu-

520 1349 653 1430 ticij
715 1347 1443 1431 Constantinopolitani,
1499 1347 1745 1431 Appol-

517 1455 730 1537 linarij
780 1454 1243 1536 Alexandrini,
1302 1454 1565 1519 Domini
1611 1457 1744 1518 An-

518 1561 833 1642 thioceni,
887 1561 1300 1648 [Eustochi]1
1337 1559 1744 1626 Ierosolomi-

520 1671 659 1732 tani
734 1668 1254 1752 patriarcharum
1332 1667 1450 1731 sub
1533 1669 1743 1732 tribus

520 1776 842 1858 capitulis,
891 1774 1193 1839 videlicet
1239 1775 1495 1856 scriptis
1534 1774 1742 1838 Theo-

521 1881 730 1946 doreti
771 1881 955 1964 Cyoti
970 1882 1014 1962 2,
1049 1883 1205 1945 item
1239 1881 1496 1963 scriptis
1536 1880 1742 1945 Theo-

512 1989 659 2053 dori
713 1988 1105 2071 Mopsvestie
1166 1989 1613 2070 episcoporum
1681 1993 1746 2050 et

520 2096 796 2178 epistola
834 2094 1007 2159 Hibe
1055 2095 1138 2158 ad
1175 2094 1410 2158 Marim
1447 2094 1739 2158 Persam.

520 2201 599 2265 In
648 2223 778 2283 qua
825 2202 1066 2285 synodo
1098 2208 1247 2285 post
1278 2201 1440 2265 alias
1473 2201 1743 2264 ecclesie

521 2308 625 2372 dei
658 2310 1057 2372 necessarias
1089 2309 1557 2388 instituciones,
1580 2328 1743 2389 quas

521 2438 638 2498 pro
672 2423 961 2498 tempore
992 2415 1496 2498 promulgandas
1526 2413 1743 2479 decre-

518 2529 704 2586 verat
751 2528 1122 2586 sanctorum
1167 2528 1450 2604 patrum,
1501 2522 1613 2603 qui
1661 2519 1744 2584 ad

520 2651 664 2694 eam
698 2633 1146 2709 convenerant,
1181 2630 1556 2708 auctoritas,
1595 2648 1739 2710 pre-

520 2737 761 2800 dictam
826 2736 945 2800 deo
1012 2735 1356 2799 amabilem
1421 2733 1739 2798 honorare

521 2843 863 2908 ecclesiam
910 2848 976 2907 et
1015 2844 1152 2906 eius
1194 2843 1495 2925 episcopo
1528 2841 1740 2904 locum

521 2951 694 3014 inter
747 2949 1157 3033 patriarchas
1215 2949 1370 3012 dare
1417 2947 1740 3011 communi

520 3058 735 3121 sanxit
754 3057 1104 3137 voluntate,
1135 3054 1152 3144 Η
1174 3055 1611 3119 reverenciam
1633 3074 1738 3116 ex-

518 3164 749 3229 hibens
799 3169 1020 3227 sancte
1078 3161 1558 3226 resurrectioni.
1629 3159 1742 3223 Et

520 3270 824 3352 quoniam
915 3270 1209 3353 predicta
1301 3268 1404 3331 dei
1481 3267 1766 3374 cultrix,

520 3377 769 3440 scilicet
822 3375 1173 3440 Ierosalem
1231 3376 1489 3455 civitaS,
1552 3375 1742 3455 quasi

519 3484 586 3546 in
639 3483 952 3547 limitibus
1008 3481 1433 3546 Alexandrini
1490 3486 1555 3545 et
1607 3480 1740 3544 An-

521 3589 845 3653 thiocheni
951 3588 1509 3672 patriarchatuum
1601 3593 1744 3651 erat

519 3718 638 3760 nec
702 3696 1053 3778 haberent,
1132 3696 1301 3759 unde
1377 3695 1471 3758 illi
1547 3695 1741 3758 urbes

521 3803 897 3868 ordinarent
929 3801 1391 3884 suffraganeae,
1416 3802 1551 3864 'nisi
1582 3802 1741 3864 utri-

521 3932 645 3992 que
665 3909 1032 3992 patriarche
1045 3908 1292 3990 aliquid
1306 3907 1740 3989 detraherent,

520 4017 726 4080 visum
776 4021 876 4080 est
922 4014 1261 4097 expedire,
1325 4015 1407 4078 ab
1464 4020 1742 4096 utroque

522 4122 768 4205 aliquid
802 4122 1166 4204 decerpere,
1215 4126 1289 4184 ut
1320 4119 1527 4185 eidem
1557 4122 1743 4184 iuxta

521 4229 796 4295 formam
854 4229 1126 4293 aliorum
1181 4227 1742 4310 patriarchatuum

523 4336 898 4401 ordinarent
953 4335 1295 4399 subiectos,
1391 4334 1740 4399 Subtraxe-

1865 501 2019 559 runt
2064 516 2213 576 ergo
2260 494 2710 559 Anthiocheno
2749 494 3100 559 Cesarien-

1863 623 1998 666 sem
2045 606 2111 665 et
2142 600 2682 684 Scitopolitanum
2713 601 3100 685 metropoli-

1857 713 2075 790 tanoS,
2133 708 2575 773 Alexandrino
2622 710 2773 773 vero
2822 708 3098 773 Raben-

1857 836 2025 896 sem,
2083 816 2195 897 qui
2227 804 2352 878 'est
2406 815 2598 895 hodie
2645 814 3096 896 PetracensiS‚

1856 927 1922 985 et
1951 921 2422 1004 Beterrensem,
2454 922 2568 986 ubi
2599 944 2727 987 non
2759 927 2860 986 est
2888 922 3097 987 hodie

1854 1028 2378 1112 archiepiscopus
2400 1078 2416 1110 ,
2524 1028 3096 1111 metropolitanos,

1851 1134 1941 1198 Et
1971 1136 2276 1217 quoniam
2309 1136 2545 1199 iterum
2578 1134 2858 1199 eundem
2877 1135 3093 1218 patri-

1851 1240 2115 1305 archam
2175 1242 2519 1324 oportebat
2571 1241 2814 1306 habere
2860 1248 3095 1325 preter

1856 1348 2263 1430 supradictos
2310 1348 2842 1430 metropolitanos
2891 1347 3089 1412 fami-

1853 1455 2048 1518 liares
2115 1454 2592 1537 suffraganeoS,
2660 1477 2821 1536 quos
2880 1453 3089 1519 Greci

1854 1561 2155 1626 cincellos
2246 1567 2481 1626 vocant
2502 1611 2517 1642 ,
2613 1561 3090 1625 subtraxerunt

1851 1667 2159 1750 predictis
2208 1668 2727 1751 metropolitanis
2761 1669 3088 1750 quosdam

1854 1774 2295 1856 suffraganeos
2343 1775 2718 1857 episcopos,
2769 1781 2835 1838 et
2880 1797 3085 1857 quos-

1853 1882 2003 1944 dam
2061 1881 2139 1944 de
2195 1902 2361 1945 novo
2423 1888 2805 1946 creaverunt
2867 1903 3087 1964 usque

1852 1988 1936 2051 ad
1955 1988 2489 2069 vigintiquinque,
2513 2010 2787 2070 quarum
2815 1987 3084 2052 urbium

1851 2115 2189 2158 numerum
2211 2100 2276 2158 et
2306 2095 2568 2158 nomina
2602 2094 3080 2176 subiunximUS,

1853 2202 2241 2283 computatis
2304 2203 2484 2283 prius
2557 2201 3082 2284 metropolitanis

1854 2312 1919 2371 et
1965 2329 2188 2372 eorum
2223 2307 2669 2389 suffraganeis.
2749 2308 2872 2371 Est
2907 2309 3082 2372 enim

1854 2415 2010 2479 ordo
2057 2415 2239 2478 talis:

2027 2698 2111 2763 In
2158 2698 2582 2763 Palestina.

1849 2841 2048 2906 Sedes
2113 2842 2351 2924 prima:
2446 2839 3078 2923 Cesareamaritima,

1848 2950 2037 3031 quasi
2082 2947 2449 3030 Palestina,
2498 2969 2694 3030 quam
2739 2947 3078 3013 reedifica-

1846 3057 1941 3118 vit
2001 3053 2316 3118 Herodes,

1848 3160 1984 3226 Sub
2031 3161 2154 3224 hac
2202 3166 2354 3224 sunt
2399 3160 2811 3243 episcopatus
2846 3161 3071 3226 decem

1851 3273 1916 3332 et
1961 3288 2208 3349 novem,
2258 3267 2559 3331 videlicet

1850 3374 2030 3439 Dora

1851 3481 2273 3564 Antipatrida

1848 3588 2090 3668 Iania8‚
2138 3587 2203 3650 id
2253 3593 2352 3651 est
2396 3586 2606 3651 Assur

1850 3694 2178 3778 Nicopolis

1852 3799 2031 3865 Onus

1852 3908 2112 3973 Sorucis

1849 4013 2073 4079 Rafias

1847 4120 2127 4204 Regium
2175 4122 2427 4203 Apatos

1850 4227 2126 4310 Regium
2173 4226 2426 4290 Iericho

1850 4334 2124 4416 Regium
2172 4334 2367 4397 Livas

702 4586 720 4617 ¹
758 4584 1018 4640 Eustochi
1055 4602 1183 4641 vom
1220 4583 1508 4640 Schreiber
1544 4585 1642 4639 der
1677 4583 1986 4640 Handschr.
2026 4584 2344 4639 iibersehen.
2407 4583 2652 4655 Erganzt
2675 4600 2775 4637 aus
2809 4564 3059 4637 Weiden-

522 4673 681 4745 bach,
708 4674 1000 4731 Calendar.
1026 4673 1685 4730 historico-christianum.
1723 4674 2088 4745 Regensburg
2114 4678 2265 4728 1855.
2313 4671 2367 4727 S.
2396 4678 2515 4728 273.

2626 4672 2648 4703 ²
2680 4691 2720 4743 y
2746 4690 2845 4727 aus
2869 4692 2898 4726 r
2921 4672 3057 4726 korr.
