3242 5184
1329 310 1753 370 —67—

527 625 689 691 Non
747 625 973 690 datur
1016 626 1171 690 nisi
1219 626 1305 691 de
1353 626 1680 710 speciali
1728 626 2089 692 mandato
2138 626 2421 692 domini
2469 632 2546 693 et
2592 633 2812 692 certa

620 734 1104 799 conscientia
1150 734 1426 818 ipsius,
1477 734 1658 816 quia
1705 734 1934 798 datur
1978 739 2281 798 tantum
2328 735 2588 818 capiti.

440 909 806 976 Christiane
869 911 1020 976 fidei
1083 912 1311 996 religio
1364 911 1488 977 hoc
1541 913 1648 995 pie
1703 913 1909 976 credit
1963 918 2030 976 et
2080 914 2401 977 veraciter
2447 911 2810 993 confitetur,

258 1018 436 1099 quod
483 1018 780 1083 dominus
827 1025 893 1084 et
939 1019 1225 1085 salvator
1269 1025 1491 1085 noster
1531 1018 1717 1083 Iesus
1756 1018 2072 1102 Christus,
2122 1041 2267 1084 cum
2313 1020 2598 1085 omnium
2636 1019 2812 1084 dives

260 1132 455 1204 esset,
494 1148 612 1209 pro
649 1127 837 1192 nobis
870 1132 971 1191 est
999 1148 1248 1210 pauper
1279 1125 1564 1191 effectus,
1629 1125 1818 1191 Unde
1857 1148 2003 1191 cum
2039 1128 2178 1209 ipse
2212 1128 2345 1191 suis
2377 1127 2813 1193 imitatoribus

257 1233 513 1315 premia
544 1233 1001 1299 consolationis
1034 1239 1348 1317 oportune
1379 1233 1789 1317 promitteret
1826 1233 2124 1315 „Beati“,
2157 1234 2388 1315 inquit,
2430 1220 2811 1319 „pauperes,

258 1340 571 1420 quoniam
607 1340 895 1423 ipsorum
932 1347 1034 1405 est
1068 1361 1337 1422 regnum
1375 1340 1723 1405 celorum“.
1801 1339 2112 1422 Idemque
2154 1346 2342 1423 pater
2379 1341 2813 1424 orphanorum

259 1451 329 1510 et
388 1446 710 1529 refugium
764 1468 1124 1531 pauperum
1183 1448 1266 1512 ad
1320 1448 1834 1530 hospitalitatem
1878 1468 1954 1511 ac
2001 1446 2495 1512 beneficentiam
2541 1470 2658 1513 nos
2706 1469 2813 1513 ex-

258 1552 532 1618 hortans
579 1555 646 1617 in
692 1555 1024 1637 evangelio
1072 1556 1191 1619 ait:
1254 1552 1484 1636 „Quod
1520 1556 1637 1618 uni
1674 1575 1754 1617 ex
1790 1554 2072 1619 minimis
2108 1557 2269 1618 meis
2306 1554 2570 1637 fecistis,
2618 1555 2814 1620 michi

259 1659 573 1725 fecistis“.
624 1659 879 1744 Quique
901 1661 984 1725 ad
1006 1660 1552 1744 comprobandam
1582 1667 1765 1725 tante
1796 1660 2180 1725 humilitatis
2201 1661 2815 1727 excellentissimam

260 1766 622 1832 bonitatem
671 1769 866 1832 etiam
913 1791 1029 1851 pro
1077 1769 1275 1833 calice
1324 1789 1492 1850 aque
1539 1767 1771 1851 frigide
1818 1768 2180 1832 mercedem
2227 1789 2295 1831 se
2344 1769 2624 1832 asseruit
2669 1769 2810 1833 red-

262 1873 570 1939 diturum.
663 1874 753 1938 Et
802 1897 920 1940 nos
974 1876 1208 1957 igitur,
1276 1874 1510 1956 quibus
1571 1897 1651 1939 ex
1703 1875 1991 1939 iniuncto
2038 1874 2224 1939 nobis
2272 1871 2475 1939 offitio
2522 1876 2815 1941 imminet

259 1980 413 2064 hijs,
461 1983 572 2063 qui
618 1981 827 2064 longe,
876 1989 942 2047 et
985 1982 1133 2065 hijs,
1183 1983 1294 2064 qui
1340 2003 1540 2065 prope
1589 1988 1759 2063 sunt,
1808 1987 2082 2065 paterna
2125 1981 2557 2047 sollicitudine
2602 1984 2811 2066 provi-

261 2088 439 2171 dere,
487 2088 891 2153 devotionem
926 2095 1210 2153 vestram
1246 2089 1470 2154 debita
1500 2088 1899 2170 benignitate
1931 2088 2434 2171 complectimur,
2483 2096 2549 2153 et
2594 2111 2811 2171 quem-

260 2194 610 2260 admodum
657 2196 1066 2278 postulastiS,
1115 2197 1198 2259 ad
1245 2197 1574 2278 exemplar
1617 2195 2147 2279 predecessorum
2192 2201 2559 2260 nostrorum
2606 2195 2812 2260 felicis

261 2302 571 2366 memorie
616 2301 1018 2385 Innocentij,
1068 2302 1412 2383 Celestini,
1460 2301 1682 2385 Lucij,
1731 2301 2046 2384 Eugenij,
2095 2303 2467 2384 Anastasij,
2514 2302 2810 2383 Adriani,

260 2408 667 2491 Allexandri,
706 2408 914 2491 Lucij,
952 2407 1225 2491 Urbani,
1265 2409 1584 2491 Gregorij,
1635 2409 1982 2474 Clementis
2018 2414 2082 2472 et
2112 2407 2441 2490 Celestini,
2489 2402 2811 2475 Romano-

260 2537 410 2580 rum
456 2515 863 2599 pontificum,
911 2516 1317 2605 hospig'sstalem
1376 2516 1636 2581 domum
1696 2521 1918 2580 sancte
1965 2516 2245 2580 civitatis
2290 2515 2642 2582 Ierosolem
2690 2516 2811 2581 sub
2848 2527 2967 2582 Fol.
3010 2528 3119 2584 36¹³.

261 2622 443 2686 beati
490 2622 673 2686 Petri
719 2623 926 2687 tutela
972 2624 1357 2706 suscipimus
1407 2628 1472 2687 et
1516 2628 1653 2686 tam
1699 2644 2009 2706 personas
2049 2643 2243 2704 quam
2276 2644 2379 2686 res
2411 2625 2811 2706 pertinentes

262 2729 351 2793 ad
415 2750 557 2793 eam
625 2730 975 2813 apostolice
1041 2730 1211 2795 sedis
1276 2730 1610 2813 privilegio
1689 2730 2155 2794 communimus
2172 2779 2188 2810 ,
2267 2735 2661 2811 statuentes,
2738 2736 2814 2795 ut

261 2855 650 2918 quecunque
687 2838 1145 2920 possessioneS,
1195 2857 1574 2919 quecunque
1620 2836 1794 2902 bona
1834 2837 2290 2901 sustentationi
2328 2839 2813 2920 peregrinorum

262 2949 332 3006 et
384 2963 744 3027 pauperum
797 2944 1171 3008 necessitati
1233 2943 1337 3008 vel
1390 2944 1459 3006 in
1504 2942 2020 3007 Ierosolimitane
2076 2943 2345 3008 ecclesie
2391 2945 2492 3008 vel
2538 2945 2813 3008 aliarum

262 3050 686 3114 ecclesiarum
749 3050 1107 3133 parrochijs
1172 3055 1238 3114 et
1301 3051 1638 3114 civitatum
1701 3051 2046 3132 territorijs
2110 3072 2227 3133 per
2288 3058 2399 3115 tue
2471 3052 2812 3133 prudentie

262 3156 668 3237 vigilantiam
715 3156 923 3219 eidem
968 3156 1366 3222 xenodochio
1411 3157 1894 3242 rationabiliter
1941 3158 2262 3238 acquisita
2309 3158 2441 3221 sive
2474 3179 2514 3221 a
2546 3158 2809 3240 quibus-

259 3262 426 3327 libet
472 3262 694 3327 oblata
750 3268 902 3326 sunt
956 3269 1070 3327 aut
1125 3264 1191 3327 in
1250 3262 1540 3328 futurum
1599 3263 1815 3328 offerri
1874 3265 2215 3345 contigerit
2259 3264 2360 3328 vel
2420 3263 2565 3347 alijs
2626 3266 2812 3329 iustis

260 3370 474 3434 modis
537 3370 825 3451 acquiri,
888 3370 1147 3435 domino
1217 3371 1571 3453 largiente,
1639 3391 1893 3452 queque
1959 3392 1998 3433 a
2060 3370 2576 3436 Ierosolimitane
2640 3371 2812 3435 sedis
2878 3352 2883 3359 ’

262 3476 654 3559 patriarchis
707 3476 994 3558 legitime
1042 3498 1347 3542 concessa
1401 3483 1538 3541 tam
1592 3477 1715 3541 tibi
1774 3499 1970 3559 quam
2026 3478 2507 3543 successoribus
2562 3479 2692 3542 tuis
2750 3484 2815 3542 et

263 3582 575 3648 fratribus
633 3604 709 3647 ac
762 3585 1249 3666 peregrinorum
1301 3583 1436 3647 illic
1492 3605 1715 3648 curam
1763 3585 2137 3666 gerentibus
2183 3585 2404 3666 quieta
2451 3606 2704 3669 semper
2749 3591 2817 3649 et

260 3690 518 3770 integra
573 3696 1049 3756 conserventur.
1143 3689 1212 3755 Si
1259 3691 1517 3772 quando
1572 3712 1723 3756 vero
1781 3692 1925 3757 loca
1990 3690 2249 3755 deserta
2301 3690 2542 3756 fuerint
2606 3691 2814 3757 eidem

263 3795 620 3861 venerabili
669 3795 886 3860 domui
923 3797 1006 3861 ab
1046 3797 1262 3879 aliquo
1308 3798 1420 3880 pia
1466 3797 1803 3862 devotione
1841 3796 2099 3878 collata,
2139 3797 2335 3862 liceat
2366 3797 2669 3863 edificare
2698 3800 2813 3862 vil-

262 3900 385 3984 las,
435 3903 740 3967 ecclesias
779 3909 845 3967 et
881 3905 1198 3968 cimiteria
1245 3904 1328 3968 ad
1369 3926 1530 3988 opus
1560 3905 1892 3969 hominum
1923 3904 2164 3968 ibidem
2195 3905 2814 3971 morantiumfabri-

264 4030 443 4091 care,
508 4010 603 4073 ita
649 4016 866 4074 tamen
911 4017 985 4074 ut
1029 4011 1096 4073 in
1140 4011 1256 4074 illa
1301 4011 1535 4074 vicinia
1582 4011 1849 4075 abbatia
1893 4011 1995 4075 vel
2039 4012 2486 4094 religiosorum
2533 4013 2815 4077 virorum

263 4115 608 4198 collegium
652 4138 780 4181 non
836 4117 1112 4198 existat,
1179 4138 1304 4198 que
1351 4117 1433 4182 ob
1479 4117 1601 4183 hoc
1647 4119 1862 4181 valeat
1906 4117 2293 4200 perturbari.
2388 4117 2549 4182 Cum
2598 4124 2816 4182 autem

260 4228 438 4287 terre
502 4223 675 4287 culte
737 4224 918 4289 vobis
974 4223 1266 4305 quolibet
1318 4225 1491 4289 iusto
1549 4224 1740 4288 titulo
1802 4223 2247 4305 conferuntur,
2315 4224 2691 4289 facultatem
2751 4233 2818 4290 et

259 4328 597 4394 licentiam
649 4329 947 4394 habeatis
1001 4330 1242 4395 ibidem
1289 4330 1373 4394 ad
1428 4352 1589 4413 opus
1646 4330 2045 4395 solummodo
2100 4330 2376 4395 fratrum
2423 4336 2489 4395 et
2531 4333 2814 4414 peregri-

262 4458 494 4500 norum
541 4442 607 4500 et
651 4457 894 4518 eorum,
943 4438 1056 4519 qui
1102 4436 1182 4501 de
1227 4458 1453 4502 mensa
1488 4444 1705 4501 vestra
1751 4436 2018 4518 fuerint,
2068 4437 2486 4502 construendi
2532 4439 2818 4503 oratoria

263 4548 332 4608 et
376 4543 698 4607 cimiteria
743 4543 1041 4608 faciendi.
1136 4543 1557 4608 Decernimus
1607 4564 1779 4626 ergo,
1828 4550 1901 4607 ut
1930 4551 2298 4629 receptores
2331 4543 2814 4608 fraternitatum

263 4651 396 4713 sive
445 4649 863 4715 collectarum
909 4656 1290 4732 vestrarum,
1342 4651 1517 4716 salvo
1565 4651 1706 4715 iure
1745 4651 2148 4716 dominorum
2195 4673 2477 4732 suorum,
2526 4651 2591 4714 in
2639 4650 2815 4714 beati

2325 4757 2393 4810 5*
