3242 5184
397 436 484 500 In
532 458 759 520 regno
806 438 1131 504 Boemie.

313 579 924 663 Archiepiscopatus
1024 581 1392 663 Pragensis,

180 687 289 768 qui
343 686 421 750 de
475 688 805 769 provincia
851 688 1231 770 Maguntina
1276 687 1399 752 fuit

180 793 569 875 subtractus,
594 801 842 859 erectus
865 800 963 858 est
978 797 1043 858 in
1058 795 1396 859 ecclesiam

176 900 742 982 metropolitanam
787 924 904 984 per
943 900 1147 965 felicis
1185 922 1395 977 recor-

176 1006 525 1072 dacionisl.
569 1057 581 1071 .
621 1058 633 1070 .

447 1363 887 1445 Sequuntur
946 1368 1250 1431 nomina
1314 1365 1790 1449 quarundam
1837 1371 2218 1428 terrarum
2265 1365 2472 1427 ultra
2518 1384 2723 1426 mare
2760 1378 2879 1433 Fol.
2919 1378 3048 1433 23¹².

1504 424 1615 521 qui
1648 438 1909 521 quidem
1928 439 2274 520 Pragensis
2298 437 2724 519 archiepisco-

1503 552 1695 630 patus
1761 552 2102 629 sequentes
2161 545 2361 609 habet
2416 542 2726 626 suffraga-

1504 674 1680 732 11666,
1728 652 2029 716 videlicet

1507 759 2036 839 Olomucensem,
2121 758 2284 822 alias
2368 758 2726 822 Moravien-

1505 887 1668 946 sem,
1727 866 1878 930 olim
1928 864 2473 946 suffraganensem
2520 864 2726 928 archi-

1506 973 1792 1055 episcopi
1839 972 2224 1052 Maguntini.

1505 1078 1973 1144 Luthomuslen
1981 1100 2116 1143 sem
2131 1079 2175 1142 2.

536 1471 894 1553 sitarum,
943 1474 1312 1558 videlicet
1358 1474 1434 1537 in
1482 1474 1722 1537 Terra
1770 1478 2038 1536 sancta
2085 1471 2378 1555 pridem
2425 1490 2727 1553 posses-

539 1600 790 1642 sarum
855 1601 987 1662 per
1052 1580 1560 1662 christianOS,
1628 1586 1806 1643 tunc
1872 1578 2356 1643 detentarum
2421 1598 2554 1661 per
2616 1578 2728 1640 in-

535 1684 839 1749 fideles

304 1828 414 1891 Ex
458 1832 643 1910 parte
689 1828 929 1911 Egypti
976 1829 1222 1893 detinet
1260 1829 1398 1894 Sol-

175 1936 384 1999 danus
406 1954 600 2017 super
618 1935 1012 1999 maritimam
1034 1935 1396 2018 Scalonam,

173 2042 284 2106 ubi
331 2041 460 2105 fuit
488 2047 777 2124 tempore
811 2041 1166 2107 Grecorum
1214 2044 1397 2107 sedes

173 2136 764 2232 archiepiscopalis,

259 2255 435 2320 Item
483 2255 728 2319 detinet
774 2255 1101 2320 Gazarum
1159 2263 1224 2320 et
1267 2256 1398 2319 Da-

174 2385 421 2443 ronem,
472 2384 596 2443 que
642 2362 903 2426 fuerunt
949 2370 1166 2427 castra
1212 2363 1398 2427 Tem-

174 2471 533 2553 plariorum
611 2475 675 2533 et
752 2470 935 2533 sedes
1001 2470 1399 2553 episcopales

175 2583 467 2660 tempore
500 2574 873 2640 Grecorum.
945 2576 1188 2641 Versus
1220 2577 1399 2640 Ieru-

176 2684 377 2747 salem
426 2683 673 2746 detinet
704 2681 1059 2764 Sebastem,
1109 2704 1233 2765 que
1279 2683 1402 2746 fuit

177 2795 240 2853 et
303 2795 408 2854 est
473 2788 656 2853 sedes
723 2790 1129 2872 episcopalis.
1231 2788 1401 2855 Item

175 2896 545 2979 Neapolim,
625 2918 749 2978 que
826 2918 956 2960 una
1020 2919 1166 2961 cum
1225 2903 1402 2961 terra

175 3002 517 3068 Sebastem
538 3005 896 3086 antiquitus
916 3003 1213 3069 Samaria
1234 3004 1400 3069 dice-

173 3111 388 3175 batur.

305 3215 478 3280 Item
521 3216 766 3280 detinet
796 3216 1058 3281 Grande
1091 3215 1401 3281 Germum

175 3330 238 3388 et
284 3330 574 3389 castrum
604 3323 958 3388 Planorum
1006 3330 1070 3388 et
1117 3318 1402 3387 castrum

176 3430 553 3510 Falbarum,
589 3451 712 3512 que
750 3429 1013 3494 fuerunt
1045 3435 1259 3493 castra
1290 3452 1401 3493 no-

174 3538 495 3602 bilissima
542 3537 1073 3619 Templariorum.
1151 3536 1240 3600 Et
1284 3537 1403 3601 hec

177 3646 395 3708 omnia
463 3644 707 3708 detinet
779 3665 924 3708 cum
987 3644 1402 3727 pertinencijs

180 3752 331 3815 suis.
399 3749 642 3814 Versus
677 3750 990 3814 Arabiam
1038 3756 1103 3814 et
1139 3752 1205 3814 in
1238 3752 1402 3815 Ara-

180 3857 286 3922 bia
320 3857 569 3921 detinet
588 3856 830 3938 Ebron,
857 3878 981 3939 (1116
1014 3879 1184 3920 1111116
1207 3857 1401 3922 Sanc-

179 3969 281 4027 tus
338 3963 630 4027 Abraam
696 3969 1110 4046 nuncupatur
1175 3971 1240 4028 et
1305 3971 1405 4028 est

183 4070 363 4134 sedes
412 4071 816 4153 episcopalis,

359 4266 378 4299 ¹
416 4266 576 4321 Nach
611 4267 1011 4322 recordacionis
1048 4270 1172 4322 sind
1210 4269 1339 4323 funs
1372 4269 1560 4324 Zeilen
1595 4268 2035 4323 unbeschrieben
2070 4267 2381 4336 geblieben.

1639 1828 1807 1893 Item
1866 1827 2208 1892 Civitatem
2272 1827 2537 1907 ficuum,
2605 1848 2730 1908 (1116

1507 1937 1743 2000 Betula
1819 1937 2178 2018 antiquitus
2256 1934 2593 1999 dicebatur
2667 1939 2733 1997 et

1509 2049 1609 2107 est
1656 2043 1840 2107 sedes
1889 2042 2293 2126 episcopalis

1639 2149 1808 2215 Item
1884 2156 2170 2214 castrum
2237 2147 2730 2228 nobilissimum,

1507 2258 1679 2340 quod
1728 2256 2003 2340 Taphila
2050 2255 2303 2319 dicitur.

1640 2364 1808 2428 Item
1861 2363 2317 2427 Petracensem
2381 2362 2730 2442 civitatem,

1509 2478 1575 2536 et
1612 2478 1711 2535 est
1743 2462 2310 2554 archiepiscopalis
2353 2469 2557 2549 sedes,
2606 2489 2731 2549 (1116

1508 2600 1698 2667 nunc.
1740 2576 2013 2642 Cracum
2071 2576 2424 2658 vulgariter
2489 2596 2730 2638 nuncu-

1508 2690 1722 2767 patur.

1641 2790 1810 2855 Item
1859 2795 2075 2854 castra
2128 2790 2609 2872 Montisregalis
2668 2794 2734 2853 et

1510 2897 1679 2962 Selle
1735 2919 1881 2961 cum
1935 2896 2226 2981 pluribus
2283 2897 2429 2979 alijs
2478 2897 2746 2986 castriS,

1510 3026 1784 3086 quorum
1850 3005 2109 3068 nomina
2164 3005 2400 3084 nescio,
2448 3009 2534 3077 ,et
2588 3024 2733 3067 cum

1462 3111 1925 3195 ⁴pertinencijs
2004 3112 2156 3192 61116,
2236 3116 2301 3174 et
2375 3110 2493 3174 hec
2557 3116 2734 3173 terra

1510 3218 1705 3283 debet
1759 3238 1899 3281 esse
1953 3216 2085 3280 filie
2139 3217 2447 3299 principis
2493 3216 2735 3299 Rupini

1512 3331 1576 3389 et
1643 3324 2050 3407 protenditur
2115 3347 2154 3388 a
2207 3323 2562 3388 Ierusalem
2618 3344 2735 3405 per

1511 3433 1794 3514 quinque
1841 3431 2068 3494 dietaS.
2736 3501 2741 3506 ,

1644 3538 1811 3602 Item
1842 3537 2074 3600 vallem
2108 3536 2187 3600 de
2208 3537 2443 3617 Mossa,
2479 3557 2602 3619 que
2636 3542 2735 3600 est

1512 3668 1664 3729 pars
1706 3644 2035 3725 Ydumee,
2086 3650 2151 3708 et
2196 3645 2317 3708 hoc
2367 3649 2466 3707 est
2510 3664 2732 3706 versus

1513 3752 1932 3817 Damascum.
1982 3750 2086 3816 Ibi
2123 3758 2273 3815 sunt
2300 3751 2489 3834 plura
2519 3756 2735 3813 castra

1517 3863 1612 3945 [et
1642 3859 1841 3944 ville],
1867 3856 2180 3940 quarum3
2208 3857 2468 3921 nomina
2496 3857 2732 3937 nescio,

1513 3972 1579 4031 et
1633 3965 1872 4030 debent
1930 3985 2069 4028 esse
2127 3964 2462 4028 domicelle
2511 3985 2734 4046 supra-

1513 4073 1701 4137 dicte.
1802 4072 2046 4135 Versus
2101 4071 2322 4135 Accon
2388 4076 2453 4134 et
2514 4091 2735 4133 versus

2552 4265 2574 4297 ²
2609 4265 2735 4320 Von

187 4356 417 4410 anderer
441 4356 627 4423 Hand,
649 4358 753 4410 wie
774 4374 830 4411 es
855 4356 1082 4426 scheint,
1103 4376 1215 4413 von
1241 4359 1353 4426 der,
1383 4358 1591 4413 welche
1617 4359 1725 4411 den
1751 4357 1949 4410 Zusatz
1972 4363 2135 4411 unter
2159 4358 2182 4388 ⁶
2207 4357 2310 4410 auf
2328 4356 2381 4410 S.
2408 4360 2475 4408 42
2501 4354 2733 4422 schrieb,

182 4442 565 4513 hinzugesetzt.

734 4444 755 4475 ³
791 4445 908 4499 Das
944 4445 1296 4499 Femininum
1334 4446 1544 4500 erklart
1580 4446 1696 4499 sich
1734 4446 1997 4513 dadurch,
2037 4441 2145 4499 dass
2182 4446 2282 4500 der
2318 4443 2607 4498 Schreiber
2645 4444 2734 4496 ein

186 4537 241 4585 et
273 4533 423 4599 ville,
460 4551 574 4589 was
610 4536 760 4588 661116
786 4533 1026 4605 Vorlage
1062 4534 1215 4588 hatte
1251 4535 1384 4604 (vgl.
1411 4533 1813 4603 Weidenbach,
1841 4533 2237 4589 Calendarium
2276 4533 2327 4588 S.
2357 4538 2478 4602 278,
2516 4531 2633 4586 Col.
2662 4533 2732 4600 2),

191 4618 412 4677 ausliess.
