3242 5184
1468 292 1954 354 *124—

441 469 602 534 tiam
656 473 721 533 et
775 474 994 535 notam
1051 470 1550 553 irregularitatis
1608 469 1967 533 incurrunt.
2062 466 2279 549 Quare
2336 491 2376 531 a
2429 466 2615 532 nobis
2675 467 3007 552 supplica-

366 663 370 667 <
441 576 617 640 tione
663 575 890 640 humili
945 577 1313 659 postulatis,
1378 582 1469 658 ut,
1528 571 1701 641 cum'
1729 576 1849 639 viri
1905 574 2433 658 contemplationi
2489 574 2690 639 dediti
2747 575 2878 639 sint
2929 575 3009 638 in

125 3821 247 3877 Fol,
285 3826 404 3876 65⁸.

442 683 767 766 religionis
823 684 1107 750 favorem
1162 706 1202 748 a
1256 683 1654 749 discursibus
1703 682 2044 748 cohibendi
2101 704 2178 748 ac
2224 687 2489 765 propter
2533 683 2779 746 viarum
2827 682 3010 765 peri-

442 791 590 854 cula
645 789 887 856 eisdem
946 790 1256 856 fratribus
1313 791 1394 856 ad
1450 797 1740 856 nostram
1796 791 2187 874 presentiam
2233 788 2628 873 impediatur
2673 809 3008 870 accessuS,

443 918 637 980 super
690 896 812 961 hoc
866 897 1203 981 providere
1260 898 1341 963 de
1396 897 1797 980 benignitate
1843 896 2038 962 solita
2092 918 2484 961 curaremus,
2585 895 2718 961 Nos
2774 896 3012 979 itaque

441 1004 547 1087 pie
592 1004 910 1085 volenteS,
959 1004 1130 1086 quod
1187 1011 1402 1069 vestra
1457 1004 1710 1070 devotio
1759 1006 1826 1068 in
1871 1004 2027 1087 hijs,
2077 1025 2202 1086 que
2249 1003 2440 1086 digne
2487 1025 2849 1087 possumus,
2898 1024 3009 1067 se-

443 1111 588 1176 dem
651 1112 1072 1194 apostolicam
1135 1112 1452 1196 reperisse
1507 1111 1790 1194 gaudeat
1849 1111 2231 1194 gratiosam,
2290 1115 2364 1174 ut
2417 1110 2653 1193 singuli
2709 1116 3008 1175 vestrum

441 1218 510 1282 in
562 1218 899 1302 provintijs
918 1220 938 1256 ¹
995 1218 1119 1283 sibi
1173 1219 1532 1284 commissis
1587 1219 1894 1302 predictis
1949 1217 2262 1283 fratribus
2331 1218 2699 1282 constitutis
2755 1216 3008 1282 ibidem

444 1324 848 1390 absolutione
904 1348 980 1390 ac
1037 1325 1518 1408 dispensatione
1573 1310 2041 1408 indigentibus,
2100 1326 2233 1390 sive
2279 1326 2661 1409 priusquam
2708 1323 3007 1390 ordinem

442 1433 826 1498 intraverint
872 1433 1004 1497 sive
1050 1439 1278 1517 postea
1322 1433 1388 1496 in
1422 1433 1680 1498 casibus
1723 1433 2118 1518 excesserint
2161 1432 2552 1513 memoratiS,
2601 1432 2681 1497 de
2728 1431 3006 1497 consilio

445 1539 868 1604 discretorum
915 1539 1189 1605 fratrum
1234 1546 1614 1622 vestrorum,
1665 1541 1776 1623 qui
1823 1540 2094 1605 litterati
2146 1540 2277 1604 sint
2322 1545 2388 1604 et
2433 1539 2623 1603 deum
2671 1539 3002 1620 timenteS,

444 1645 762 1731 impertiri
827 1646 1095 1727 valeatis
1162 1647 1587 1713 absolutionis
1654 1646 2030 1712 benefitium
2095 1652 2160 1712 et
2226 1646 2602 1730 dispensare
2669 1668 2815 1710 cum
2881 1646 3002 1726 eiS,

444 1753 625 1818 vobis
707 1755 1094 1821 auctoritate
1167 1756 1563 1838 presentium
1640 1754 2048 1819 concedimus
2128 1753 2541 1835 facultatem,
2625 1753 2753 1817 nisi
2834 1752 3008 1818 adeo

446 1850 663 1943 gravis
704 1860 900 1925 fuerit
945 1867 1011 1926 et
1056 1862 1334 1927 enormis
1383 1883 1706 1943 excessus,
1755 1861 1927 1945 quod
1974 1861 2206 1926 merito
2262 1860 2394 1924 sint
2446 1859 2529 1925 ad
2576 1859 2795 1925 sedem
2844 1883 3002 1944 apo-

447 1967 740 2033 stolicam
787 1967 1173 2034 destinandi.
1266 1967 1444 2034 Nulli
1490 1988 1644 2051 ergo
1690 1974 1810 2034 etc.
1858 1973 2078 2033 nostre
2126 1968 2558 2033 concessionis
2605 1972 2728 2032 etc.

704 2217 1066 2283 Generali
1114 2218 1467 2283 ministro
1516 2224 1590 2283 et
1635 2218 2106 2301 universisn2
2151 2216 2534 2282 fratribus
2594 2216 2682 2282 de
2729 2217 3003 2282 ordine

801 2323 1125 2389 fratrum
1171 2327 1543 2390 minorum
1589 2331 1990 2410 presentes
2038 2325 2351 2390 litteras
2399 2324 2895 2409 inspecturis

622 2484 746 2567 Qui
803 2487 1164 2569 postposita
1220 2488 1506 2551 vanitate
1561 2486 1763 2551 seculi
1816 2486 2149 2568 elegerunt
2200 2486 2512 2549 virtutum
2569 2484 2828 2550 domino
2876 2484 3001 2549 sub

442 2594 847 2676 paupertatis
887 2591 1115 2657 habitu
1145 2593 1466 2673 famulari,
1515 2615 1555 2658 a
1600 2593 1786 2658 nobis
1831 2593 1945 2657 illa
1991 2592 2366 2659 confovendi
2413 2598 2564 2656 sunt
2591 2592 2823 2674 gratia,
2872 2612 3002 2673 que

441 2701 731 2782 ipsorum
778 2699 1273 2765 necessitatibus
1321 2702 1609 2766 noscitur
1656 2706 1993 2783 oportuna.
2088 2699 2248 2764 Cum
2296 2699 2494 2782 igitur
2540 2699 2623 2763 ad
2669 2698 2791 2764 hoc
2833 2719 3000 2762 sem-

442 2828 560 2889 per
622 2812 835 2873 vestre
899 2806 1231 2872 humilitas
1298 2808 1802 2873 conversationis
1868 2807 2178 2888 invigilet,
2244 2812 2319 2870 ut
2381 2806 2500 2870 deo
2564 2806 2821 2889 placeat
2882 2827 3002 2888 per

445 2913 673 2980 devote
718 2913 930 2978 laudis
996 2913 1378 2996 obsequium
1443 2919 1509 2978 et
1566 2914 1848 2978 fructum
1912 2913 2199 2998 proferat
2255 2914 2635 2993 animarum,
2702 2935 2841 2993 neS,
2889 2911 3000 2977 de-

443 3022 717 3086 votionis
764 3027 978 3086 vestre
1034 3020 1333 3105 precibus
1390 3021 1713 3103 inclinati,
1762 3026 1836 3086 ut
1885 3022 1968 3087 ad
2017 3006 2459 3104 recipiendum
2512 3020 3001 3085 commissiones

446 3149 787 3192 causarum
834 3133 948 3193 aut
994 3129 1459 3193 sententiarum
1504 3129 1913 3194 executiones
1960 3128 2061 3193 vel
2106 3128 2238 3193 alia
2283 3128 2721 3209 contingentia
2767 3148 3003 3191 causas

444 3236 620 3318 ipsas
683 3257 800 3318 per
842 3235 1115 3315 litteras
1182 3235 1354 3301 sedis
1412 3236 1766 3319 apostolice
1819 3235 2068 3318 legatos
2127 3256 2241 3299 seu
2288 3233 2744 3317 subdelegatos
2791 3234 3000 3317 ipsius

444 3341 545 3406 vel
610 3343 937 3424 quos-libet
999 3343 1161 3407 alios
1227 3344 1364 3426 cogi
1428 3364 1556 3408 non
1621 3342 1884 3426 possitis
1950 3342 2153 3423 inviti,
2220 3342 2346 3405 nisi
2401 3342 2595 3424 plena
2640 3340 2707 3404 in
2756 3339 3002 3405 eisdem

444 3448 679 3512 litteris
728 3448 808 3514 de
856 3451 1269 3515 concessione
1316 3449 1685 3514 huiusmodi
1732 3450 1971 3515 mentio
2004 3448 2343 3530 habeatur,
2393 3447 2574 3513 vobis
2608 3448 3001 3514 auctoritate

444 3557 842 3640 presentium
887 3556 1314 3640 indulgemus
1409 3556 1585 3623 Nulli
1634 3578 1785 3639 ergo
1832 3562 2051 3622 nostre
2100 3556 2530 3621 concessionis
2578 3561 2701 3620 etc.

631 3862 636 3873 .
713 3806 1079 3872 Generali
1155 3807 1510 3872 ministro
1588 3812 1664 3871 et
1746 3806 2131 3870 universis
2218 3804 2608 3870 fratribus
2701 3804 2998 3870 ordinis

799 3915 1128 3978 fratrum
1205 3915 1575 3981 minorum
1654 3918 2081 3998 presensstes
2172 3913 2493 3978 litteras
2571 3911 2995 3996 inspecntu-

800 4024 906 4087 ris
956 4023 1143 4087 etc.3

622 4165 825 4232 Vobis
886 4170 1240 4230 extremam
1298 4164 1706 4248 pacientibus
1765 4187 1881 4247 pro
1930 4162 2170 4228 Christi
2229 4163 2486 4228 nomine
2544 4166 2996 4245 paupertatem

446 4275 636 4358 digne
669 4273 1045 4339 conceditur
1076 4271 1159 4337 ab
1193 4272 1546 4356 apostolice
1580 4270 1752 4336 sedis
1800 4270 2035 4354 gratia.
2114 4269 2241 4334 Per
2289 4268 2461 4352 quod
2509 4274 2576 4334 et
2620 4268 2994 4334 necessitati

625 4490 643 4520 ¹
681 4476 836 4544 I‘Jber
871 4489 1160 4558 provintijs
1198 4486 1448 4541 Zeichen.
1522 4486 1795 4540 Dasselbe
1831 4503 1922 4540 am
1959 4485 2156 4539 Raude
2192 4484 2354 4538 links.
2417 4483 2692 4538 Daneben
2730 4501 2840 4537 von
2880 4484 2994 4538 der-

446 4579 634 4633 selben
660 4578 851 4633 Hand:
892 4557 1063 4631 alias
1099 4578 1165 4629 in
1203 4576 1541 4631 montibus
1578 4575 1681 4645 [‘.>].
1863 4575 1885 4606 ²
1919 4575 2038 4629 Der
2070 4579 2214 4629 erste
2248 4573 2375 4628 Teil
2412 4574 2510 4628 der
2533 4559 2883 4628 Uberschrift
2907 4591 2994 4628 am

446 4668 604 4724 Ende
640 4668 740 4722 der
774 4665 1266 4739 vorhergehenden
1303 4665 1465 4721 Zeile.
1638 4663 1660 4695 ³
1695 4664 1805 4720 Die
1840 4651 2187 4720 &berschrift
2223 4663 2445 4735 begann
2482 4667 2593 4718 eret
2616 4661 2907 4720 Universis
2929 4661 2993 4717 fr.
