3242 5184
1237 278 1724 340 *223—

208 455 529 540 partibuS‚
577 454 661 519 ad
693 453 1041 518 videndum
1087 453 1383 518 concludi
1431 452 1760 529 articUIOS‚
1809 457 1876 515 et
1920 451 2168 523 iterum„
2201 450 2270 512 in
2303 451 2776 514 contumaciam

213 563 482 628 auditor
518 560 875 626 concludet.
960 560 1208 625 Tamen
1238 582 1367 625 non
1415 558 1718 624 obstante
1763 556 2131 622 huiusmodi
2175 558 2584 622 contumacia
2627 579 2780 640 pars

213 675 518 752 reputata
578 673 945 749 contumax,
1012 669 1066 731 si
1121 666 1297 748 velit,
1365 664 1548 730 dabit
1601 665 2101 746 interrogatoria
2155 669 2222 727 et
2285 664 2417 728 suis
2479 665 2778 747 expensis

209 777 414 841 faciat
468 773 739 840 rescribi
794 774 1076 838 rotulum
1133 773 1554 838 articulorum
1601 778 1670 836 et
1715 772 1853 835 sine
1899 792 2067 836 nova
2109 771 2430 837 citacione
2475 777 2593 836 aut
2635 792 2779 855 pre-

216 883 457 947 fixione
523 881 792 946 alterius
858 881 1120 946 termini
1185 878 1268 945 ad
1332 878 1684 949 videndum
1748 877 2043 942 concludi
2099 877 2406 942 articulos
2464 883 2530 942 et
2583 878 2780 943 inter-

212 990 545 1072 rogatoria
569 976 977 1054 huiusmodi.
1072 986 1402 1067 Similiter,
1453 986 1504 1049 si
1554 985 1745 1049 unius
1792 984 2050 1048 articuli
2097 985 2228 1047 sint
2272 983 2525 1064 inclusi,
2575 984 2783 1049 altera

213 1118 369 1180 pars
417 1095 728 1160 citabitur
774 1095 857 1159 ad
905 1093 1189 1158 dandum
1236 1093 1758 1175 interrogatoria.

488 1307 599 1373 De
648 1308 867 1373 modo
915 1305 1292 1372 servando
1339 1306 1414 1369 in
1460 1305 1842 1370 tradendo
1888 1304 2233 1369 litteram
2280 1305 2780 1370 remissionis·

396 1451 566 1515 Item
599 1450 856 1515 demum
886 1451 1125 1514 citetur
1154 1470 1307 1532 pars
1327 1451 1349 1490 1
1397 1454 1513 1512 aut
1556 1446 1909 1530 prefigetur
1955 1448 2268 1512 terminus
2315 1448 2400 1512 ad
2440 1447 2784 1513 videndum

217 1560 434 1623 iurare
481 1562 879 1641 portatorem
925 1556 1346 1636 remissionis,
1396 1560 1462 1619 et
1508 1556 1563 1619 si
1602 1576 1757 1638 pars
1800 1555 2001 1619 citata
2041 1561 2158 1619 aut
2185 1560 2439 1619 tantuin
2472 1557 2784 1619 terminus

221 1665 394 1745 adid
412 1663 697 1748 prefixus
716 1686 845 1728 non
878 1664 1146 1746 venerit,
1179 1664 1247 1727 in
1279 1661 1505 1728 eodem
1537 1663 1816 1727 termino
1847 1662 1914 1725 in
1947 1663 2460 1727 contumaciam2
2491 1662 2786 1726 dominus

224 1772 484 1857 auditor
531 1772 746 1854 signet
788 1770 1073 1836 rotulum
1120 1769 1542 1835 articulorum
1587 1769 1717 1853 ipsi
1761 1769 1998 1834 nuncio
2046 1776 2112 1833 et
2159 1770 2219 1833 ei
2263 1768 2538 1851 prefiget
2569 1771 2786 1834 termi-

221 1901 406 1961 num,
455 1879 626 1943 infra
672 1898 866 1960 quem
911 1878 1125 1961 ipsum
1169 1876 1455 1942 rotulum
1502 1876 1701 1940 iudici
1766 1897 1959 1957 quem
2005 1876 2404 1940 remissionis
2450 1876 2642 1941 litera
2679 1877 2787 1942 de-

222 1991 450 2068 putato
514 1990 732 2068 portet
807 1991 874 2049 et
935 1991 1227 2068 reportet
1294 1982 1576 2048 fideliter
1630 1982 1915 2047 rotulum
1962 2004 2108 2047 cum
2153 1981 2346 2047 litera
2390 1984 2789 2049 remissionis

223 2090 610 2174 huiusmodi,
659 2097 726 2156 et
767 2091 859 2156 sic
889 2091 1135 2157 iurabit
1179 2091 1453 2155 nuncius
1500 2091 1662 2172 ipse,
1711 2095 1778 2153 et
1823 2090 1995 2171 quod
2042 2091 2486 2155 remissionem
2533 2089 2792 2156 auditor

230 2200 310 2263 de
367 2219 565 2262 causa
618 2220 747 2264 non
802 2205 1196 2281 congnoscat
1250 2198 1389 2262 sine
1449 2218 1616 2262 nova
1663 2196 2130 2261 commissione.
2226 2194 2371 2278 Qua
2414 2203 2792 2280 presentata

224 2303 637 2388 reparabitur
681 2306 825 2389 ipsa
873 2305 1236 2371 commissio
1282 2326 1398 2388 per
1443 2303 1770 2384 nuncium,
1820 2303 1931 2386 qui
1962 2302 2207 2367 iurabit
2250 2302 2529 2368 fideliter
2573 2326 2790 2388 repor-

227 2419 401 2476 tasse
457 2418 523 2477 et
577 2410 659 2476 ab
718 2412 939 2478 eodem
1009 2411 1220 2477 iudice
1282 2412 1604 2495 recepisse
1673 2415 1738 2474 et
1801 2430 1930 2474 non
1996 2409 2394 2474 commisisse
2451 2410 2666 2475 dolum
2724 2413 2789 2475 in

232 2518 569 2600 portando,
637 2524 704 2583 et
767 2519 1076 2584 citabitur
1138 2541 1291 2604 pars
1358 2518 1440 2582 ad
1505 2517 1851 2582 videndum
1917 2516 2155 2599 aperiri
2221 2518 2663 2583 remissionem
2728 2523 2793 2583 et

234 2631 459 2689 contra
525 2626 1042 2692 commissionem
1108 2624 1450 2690 dicendum
1524 2629 1590 2690 et
1663 2623 1896 2688 deinde
1971 2629 2202 2707 aperta
2265 2624 2643 2690 remissione
2708 2625 2791 2690 ad

228 2731 574 2797 dicendum
638 2740 866 2798 contra
930 2732 1106 2797 dicta
1169 2733 1454 2814 testium,
1523 2737 1589 2796 et
1644 2731 1698 2794 si
1752 2735 1972 2814 partes
2038 2729 2358 2795 voluerint
2412 2738 2526 2795 aut
2583 2731 2792 2796 altera

228 2860 453 2903 earum
525 2839 798 2905 voluerit
870 2840 963 2903 eis
1026 2839 1347 2923 publicari
1405 2839 1930 2918 attestacionem,
1990 2837 2324 2920 publicent
2376 2837 2680 2903 distincte
2727 2845 2794 2903 et

229 2948 423 3011 detur
467 2948 781 3011 terminus
828 2947 1021 3030 parti,
1071 2946 1223 3010 dum
1270 2945 1597 3030 publicate
1644 2944 1903 3026 fuerint,
1953 2943 2034 3008 ad
2083 2944 2422 3009 dicendum
2472 2951 2715 3010 contra.

498 3159 608 3224 De
654 3161 1008 3224 terminis
1056 3160 1149 3224 ad
1196 3158 1662 3224 audiendum
1709 3158 2184 3222 voluntatem
2233 3157 2516 3221 domini
2566 3180 2796 3242 super

591 3266 1061 3331 admissione
1110 3265 1639 3331 articulorum.

412 3408 581 3474 Item
636 3410 970 3475 consuevit
1023 3409 1166 3475 dari
1212 3410 1526 3473 terminus
1574 3407 1742 3472 VIII
1797 3409 2068 3487 dierum,
2126 3407 2279 3472 dum
2324 3407 2798 3490 procedebatur

234 3537 353 3599 per
388 3517 814 3598 audienciam,
863 3516 946 3581 ad
994 3515 1504 3582 concludendum
1551 3523 1616 3580 et
1663 3515 1747 3580 ad
1793 3515 2137 3580 videndum
2185 3514 2445 3579 admitti
2491 3515 2796 3580 articulos

237 3628 305 3687 et
349 3625 554 3687 eciam
618 3616 774 3688 alibi
837 3623 1133 3706 partibus
1189 3625 1254 3687 in
1311 3624 1490 3687 curia
1544 3623 1915 3687 constitutis
1971 3623 2036 3685 in
2095 3622 2404 3705 predictis
2451 3623 2685 3701 causis,
2734 3627 2800 3685 et

237 3730 626 3814 quandoque
657 3729 1025 3795 huiusmodi
1058 3730 1337 3811 termini,
1372 3729 1484 3815 [si]
1532 3730 1887 3793 admittunt
1932 3729 2173 3794 domini
2207 3728 2535 3793 auditores
2584 3749 2797 3810 cause,

237 3837 775 3920 prorogabantur,
860 3836 1106 3901 Tamen
1162 3837 1242 3901 de
1287 3836 1416 3901 illis
1463 3858 1592 3902 non
1639 3837 1914 3900 multum
1969 3857 2112 3900 meo
2167 3841 2458 3918 tempore
2506 3842 2800 3903 curatum

241 3942 383 4006 fuit.
474 3942 640 4008 Nam
695 3966 842 4009 cum
898 3944 1153 4009 auditor
1207 3942 1574 4008 huiusmodi
1632 3942 2026 4007 deliberatus
2082 3941 2226 4024 fuit,
2283 3943 2496 4024 potuit
2542 3942 2625 4006 ad
2671 3943 2799 4024 pri-

243 4069 417 4112 mam
464 4049 633 4113 diem
677 4051 778 4115 vel
827 4050 1189 4116 secundam
1225 4050 1325 4115 vel
1373 4048 1559 4114 VIII.
1600 4049 1771 4114 diem
1817 4048 1917 4114 vel
1966 4048 2252 4113 eiusdem
2310 4048 2438 4114 diei
2485 4048 2801 4115 dominice

245 4155 585 4219 citacionis
640 4158 707 4219 in
763 4156 989 4222 eadem
1045 4157 1387 4222 audiencia
1442 4156 1991 4223 contradictarum
2048 4155 2130 4219 ad
2186 4155 2413 4221 horam
2459 4177 2801 4248 causarum

242 4263 595 4327 terminum
642 4262 725 4327 ad
773 4263 837 4327 id
884 4263 1063 4345 dare,
1113 4264 1267 4347 quia
1313 4263 1472 4328 illud
1520 4269 1655 4328 stat
1699 4264 1764 4326 in
1812 4263 2144 4328 voluntate
2192 4262 2435 4329 domini
2466 4262 2800 4328 auditoris,

387 4461 405 4492 ¹
442 4460 852 4532 Wortstellung
905 4462 964 4514 in
1018 4463 1115 4515 der
1170 4460 1479 4515 Handschr.
1536 4460 1938 4530 urspriinglich,
1990 4459 2162 4513 durch
2224 4459 2459 4515 Zeichen
2511 4460 2803 4530 geandert:

244 4551 443 4604 citetur
478 4568 605 4620 pars
643 4551 886 4607 demum.
1102 4549 1126 4582 ⁹
1160 4549 1438 4607 Hieruach
1476 4551 1534 4602 in
1572 4550 1764 4611 eodem
1805 4551 2036 4633 termino
2083 4549 2255 4602 durch
2292 4548 2804 4619 Unterpunktieren

243 4638 457 4708 getilgt.
