<?xml version="1.0" encoding="UTF-8"?>
<!DOCTYPE html PUBLIC "-//W3C//DTD XHTML 1.0 Transitional//EN"
    "http://www.w3.org/TR/xhtml1/DTD/xhtml1-transitional.dtd">
<html xmlns="http://www.w3.org/1999/xhtml" xml:lang="en" lang="en">
 <head>
  <title>
</title>
<meta http-equiv="Content-Type" content="text/html;charset=utf-8" />
  <meta name='ocr-system' content='tesseract 3.04.00' />
  <meta name='ocr-capabilities' content='ocr_page ocr_carea ocr_par ocr_line ocrx_word'/>
</head>
<body>
  <div class='ocr_page' id='page_1' title='image "./derlibercancell00dietgoog_0038.png"; bbox 0 0 3242 5184; ppageno 0'>
   <div class='ocr_carea' id='block_1_1' title="bbox 199 886 439 939">
    <p class='ocr_par' dir='ltr' id='par_1_1' title="bbox 199 886 439 939">
     <span class='ocr_line' id='line_1_1' title="bbox 199 886 439 939; baseline 0 -1"><span class='ocrx_word' id='word_1_1' title='bbox 199 887 313 939; x_wconf 89' lang='lat' dir='ltr'>Fol.</span> <span class='ocrx_word' id='word_1_2' title='bbox 358 886 439 938; x_wconf 76' lang='lat'>1¹².</span> 
     </span>
    </p>
   </div>
   <div class='ocr_carea' id='block_1_2' title="bbox 1570 269 1947 329">
    <p class='ocr_par' dir='ltr' id='par_1_2' title="bbox 1570 269 1947 329">
     <span class='ocr_line' id='line_1_2' title="bbox 1570 269 1947 329; baseline 0 -18"><span class='ocrx_word' id='word_1_3' title='bbox 1570 269 1947 329; x_wconf 33' lang='lat' dir='ltr'>--ffi2.-</span> 
     </span>
    </p>
   </div>
   <div class='ocr_carea' id='block_1_3' title="bbox 476 438 3052 1490">
    <p class='ocr_par' dir='ltr' id='par_1_3' title="bbox 476 438 3052 1490">
     <span class='ocr_line' id='line_1_3' title="bbox 476 438 3035 530; baseline -0.004 -17"><span class='ocrx_word' id='word_1_4' title='bbox 476 471 572 529; x_wconf 87' lang='lat' dir='ltr'>ea,</span> <span class='ocrx_word' id='word_1_5' title='bbox 622 468 747 530; x_wconf 94' lang='lat' dir='ltr'>que</span> <span class='ocrx_word' id='word_1_6' title='bbox 794 446 878 510; x_wconf 94' lang='lat' dir='ltr'>ad</span> <span class='ocrx_word' id='word_1_7' title='bbox 923 446 1276 528; x_wconf 90' lang='lat' dir='ltr'>puritatem</span> <span class='ocrx_word' id='word_1_8' title='bbox 1308 444 1691 509; x_wconf 82' lang='lat' dir='ltr'>cancellarie</span> <span class='ocrx_word' id='word_1_9' title='bbox 1725 450 1791 509; x_wconf 91' lang='lat' dir='ltr'>et</span> <span class='ocrx_word' id='word_1_10' title='bbox 1820 443 2214 508; x_wconf 83' lang='lat' dir='ltr'>mundiciam</span> <span class='ocrx_word' id='word_1_11' title='bbox 2244 440 2684 526; x_wconf 82' lang='lat' dir='ltr'>pertinebunt.</span> <span class='ocrx_word' id='word_1_12' title='bbox 2763 438 3035 504; x_wconf 86' lang='lat' dir='ltr'>Nullam</span> 
     </span>
     <span class='ocr_line' id='line_1_4' title="bbox 478 544 3034 634; baseline -0.004 -14"><span class='ocrx_word' id='word_1_13' title='bbox 478 556 682 620; x_wconf 89' lang='lat' dir='ltr'>eciam</span> <span class='ocrx_word' id='word_1_14' title='bbox 730 554 1018 617; x_wconf 78' lang='lat' dir='ltr'>litteram</span> <span class='ocrx_word' id='word_1_15' title='bbox 1068 551 1307 616; x_wconf 90' lang='lat' dir='ltr'>bullari</span> <span class='ocrx_word' id='word_1_16' title='bbox 1356 550 1619 632; x_wconf 86' lang='lat' dir='ltr'>faciam,</span> <span class='ocrx_word' id='word_1_17' title='bbox 1675 571 1868 634; x_wconf 89' lang='lat' dir='ltr'>quam</span> <span class='ocrx_word' id='word_1_18' title='bbox 1899 572 2028 615; x_wconf 92' lang='lat' dir='ltr'>non</span> <span class='ocrx_word' id='word_1_19' title='bbox 2060 549 2303 632; x_wconf 93' lang='lat' dir='ltr'>possim</span> <span class='ocrx_word' id='word_1_20' title='bbox 2341 569 2421 613; x_wconf 84' lang='lat' dir='ltr'>ex</span> <span class='ocrx_word' id='word_1_21' title='bbox 2452 547 2793 614; x_wconf 90' lang='lat' dir='ltr'>commisso</span> <span class='ocrx_word' id='word_1_22' title='bbox 2826 544 3034 611; x_wconf 85' lang='lat' dir='ltr'>michi</span> 
     </span>
     <span class='ocr_line' id='line_1_5' title="bbox 476 653 3038 744; baseline -0.004 -17"><span class='ocrx_word' id='word_1_23' title='bbox 476 661 686 727; x_wconf 85' lang='lat' dir='ltr'>officio</span> <span class='ocrx_word' id='word_1_24' title='bbox 736 658 1036 744; x_wconf 87' lang='lat' dir='ltr'>expedire</span> <span class='ocrx_word' id='word_1_25' title='bbox 1083 658 1329 740; x_wconf 83' lang='lat' dir='ltr'>absque</span> <span class='ocrx_word' id='word_1_26' title='bbox 1378 658 1620 724; x_wconf 90' lang='lat' dir='ltr'>domini</span> <span class='ocrx_word' id='word_1_27' title='bbox 1680 679 1847 741; x_wconf 89' lang='lat' dir='ltr'>pape</span> <span class='ocrx_word' id='word_1_28' title='bbox 1895 656 2204 722; x_wconf 89' lang='lat' dir='ltr'>mandato</span> <span class='ocrx_word' id='word_1_29' title='bbox 2251 656 2352 721; x_wconf 93' lang='lat' dir='ltr'>vel</span> <span class='ocrx_word' id='word_1_30' title='bbox 2410 656 2684 720; x_wconf 88' lang='lat' dir='ltr'>licencia</span> <span class='ocrx_word' id='word_1_31' title='bbox 2740 653 3038 737; x_wconf 90' lang='lat' dir='ltr'>speciali.</span> 
     </span>
     <span class='ocr_line' id='line_1_6' title="bbox 477 759 3042 849; baseline -0.004 -15"><span class='ocrx_word' id='word_1_32' title='bbox 477 769 738 834; x_wconf 91' lang='lat' dir='ltr'>Nullam</span> <span class='ocrx_word' id='word_1_33' title='bbox 767 769 1033 849; x_wconf 83' lang='lat' dir='ltr'>insuper</span> <span class='ocrx_word' id='word_1_34' title='bbox 1079 766 1366 831; x_wconf 80' lang='lat' dir='ltr'>litteram</span> <span class='ocrx_word' id='word_1_35' title='bbox 1414 764 1717 848; x_wconf 86' lang='lat' dir='ltr'>expedire</span> <span class='ocrx_word' id='word_1_36' title='bbox 1763 764 2043 830; x_wconf 86' lang='lat' dir='ltr'>tardabo</span> <span class='ocrx_word' id='word_1_37' title='bbox 2088 764 2190 829; x_wconf 92' lang='lat' dir='ltr'>vel</span> <span class='ocrx_word' id='word_1_38' title='bbox 2220 762 2456 828; x_wconf 90' lang='lat' dir='ltr'>faciam</span> <span class='ocrx_word' id='word_1_39' title='bbox 2475 764 2497 801; x_wconf 83' lang='lat'>¹</span> <span class='ocrx_word' id='word_1_40' title='bbox 2544 761 2866 827; x_wconf 90' lang='lat' dir='ltr'>retardari</span> <span class='ocrx_word' id='word_1_41' title='bbox 2914 759 3042 823; x_wconf 89' lang='lat' dir='ltr'>ali-</span> 
     </span>
     <span class='ocr_line' id='line_1_7' title="bbox 481 869 3049 957; baseline -0.004 -17"><span class='ocrx_word' id='word_1_42' title='bbox 481 877 662 940; x_wconf 89' lang='lat' dir='ltr'>cuius</span> <span class='ocrx_word' id='word_1_43' title='bbox 708 875 948 957; x_wconf 87' lang='lat' dir='ltr'>gracia,</span> <span class='ocrx_word' id='word_1_44' title='bbox 995 873 1317 957; x_wconf 79' lang='lat' dir='ltr'>precibus,</span> <span class='ocrx_word' id='word_1_45' title='bbox 1352 872 1498 938; x_wconf 91' lang='lat' dir='ltr'>odio</span> <span class='ocrx_word' id='word_1_46' title='bbox 1531 871 1631 936; x_wconf 91' lang='lat' dir='ltr'>vel</span> <span class='ocrx_word' id='word_1_47' title='bbox 1663 872 1902 937; x_wconf 89' lang='lat' dir='ltr'>favore.</span> <span class='ocrx_word' id='word_1_48' title='bbox 1983 870 2337 937; x_wconf 91' lang='lat' dir='ltr'>Pensiones</span> <span class='ocrx_word' id='word_1_49' title='bbox 2375 870 2476 935; x_wconf 90' lang='lat' dir='ltr'>vel</span> <span class='ocrx_word' id='word_1_50' title='bbox 2508 869 2826 935; x_wconf 92' lang='lat' dir='ltr'>beneficia</span> <span class='ocrx_word' id='word_1_51' title='bbox 2859 870 2882 954; x_wconf 81' lang='grc' dir='ltr'>ΙΙ</span> <span class='ocrx_word' id='word_1_52' title='bbox 2915 888 3049 949; x_wconf 88' lang='lat' dir='ltr'>per</span> 
     </span>
     <span class='ocr_line' id='line_1_8' title="bbox 478 975 3047 1064; baseline -0.003 -18"><span class='ocrx_word' id='word_1_53' title='bbox 478 1004 580 1048; x_wconf 92' lang='lat' dir='ltr'>me</span> <span class='ocrx_word' id='word_1_54' title='bbox 626 983 728 1046; x_wconf 92' lang='lat' dir='ltr'>vel</span> <span class='ocrx_word' id='word_1_55' title='bbox 773 1003 891 1064; x_wconf 91' lang='lat' dir='ltr'>per</span> <span class='ocrx_word' id='word_1_56' title='bbox 937 979 1136 1044; x_wconf 90' lang='lat' dir='ltr'>alium</span> <span class='ocrx_word' id='word_1_57' title='bbox 1184 1001 1297 1044; x_wconf 89' lang='lat' dir='ltr'>seu</span> <span class='ocrx_word' id='word_1_58' title='bbox 1343 1002 1461 1063; x_wconf 92' lang='lat' dir='ltr'>pro</span> <span class='ocrx_word' id='word_1_59' title='bbox 1507 980 1638 1045; x_wconf 93' lang='lat' dir='ltr'>alio</span> <span class='ocrx_word' id='word_1_60' title='bbox 1685 1002 1813 1045; x_wconf 90' lang='lat' dir='ltr'>non</span> <span class='ocrx_word' id='word_1_61' title='bbox 1860 980 2168 1063; x_wconf 87' lang='lat' dir='ltr'>recipiam</span> <span class='ocrx_word' id='word_1_62' title='bbox 2214 999 2333 1044; x_wconf 91' lang='lat' dir='ltr'>nec</span> <span class='ocrx_word' id='word_1_63' title='bbox 2380 1000 2420 1042; x_wconf 92' lang='lat' dir='ltr'>a</span> <span class='ocrx_word' id='word_1_64' title='bbox 2450 978 2611 1042; x_wconf 90' lang='lat' dir='ltr'>meis</span> <span class='ocrx_word' id='word_1_65' title='bbox 2646 975 3047 1042; x_wconf 87' lang='lat' dir='ltr'>officialibus</span> 
     </span>
     <span class='ocr_line' id='line_1_9' title="bbox 480 1083 3051 1171; baseline -0.003 -18"><span class='ocrx_word' id='word_1_66' title='bbox 480 1090 581 1154; x_wconf 92' lang='lat' dir='ltr'>vel</span> <span class='ocrx_word' id='word_1_67' title='bbox 628 1086 1054 1154; x_wconf 88' lang='lat' dir='ltr'>familiaribus</span> <span class='ocrx_word' id='word_1_68' title='bbox 1102 1088 1304 1171; x_wconf 90' lang='lat' dir='ltr'>recipi</span> <span class='ocrx_word' id='word_1_69' title='bbox 1348 1088 1721 1170; x_wconf 86' lang='lat' dir='ltr'>permittam</span> <span class='ocrx_word' id='word_1_70' title='bbox 1768 1088 1894 1152; x_wconf 90' lang='lat' dir='ltr'>nisi</span> <span class='ocrx_word' id='word_1_71' title='bbox 1929 1087 2007 1152; x_wconf 92' lang='lat' dir='ltr'>de</span> <span class='ocrx_word' id='word_1_72' title='bbox 2048 1086 2254 1168; x_wconf 93' lang='lat' dir='ltr'>ipsius</span> <span class='ocrx_word' id='word_1_73' title='bbox 2287 1085 2530 1150; x_wconf 90' lang='lat' dir='ltr'>domini</span> <span class='ocrx_word' id='word_1_74' title='bbox 2560 1106 2730 1168; x_wconf 90' lang='lat' dir='ltr'>pape</span> <span class='ocrx_word' id='word_1_75' title='bbox 2760 1083 3051 1149; x_wconf 87' lang='lat' dir='ltr'>licencia</span> 
     </span>
     <span class='ocr_line' id='line_1_10' title="bbox 482 1191 3052 1279; baseline -0.002 -19"><span class='ocrx_word' id='word_1_76' title='bbox 482 1195 765 1279; x_wconf 88' lang='lat' dir='ltr'>speciali.</span> <span class='ocrx_word' id='word_1_77' title='bbox 861 1194 1249 1277; x_wconf 88' lang='lat' dir='ltr'>Supradicta</span> <span class='ocrx_word' id='word_1_78' title='bbox 1282 1196 1499 1258; x_wconf 91' lang='lat' dir='ltr'>omnia</span> <span class='ocrx_word' id='word_1_79' title='bbox 1532 1200 1597 1259; x_wconf 86' lang='lat' dir='ltr'>et</span> <span class='ocrx_word' id='word_1_80' title='bbox 1630 1193 1884 1276; x_wconf 86' lang='lat' dir='ltr'>singula</span> <span class='ocrx_word' id='word_1_81' title='bbox 1930 1194 2071 1258; x_wconf 86' lang='lat' dir='ltr'>iuro</span> <span class='ocrx_word' id='word_1_82' title='bbox 2119 1198 2185 1257; x_wconf 87' lang='lat' dir='ltr'>et</span> <span class='ocrx_word' id='word_1_83' title='bbox 2228 1194 2540 1275; x_wconf 91' lang='lat' dir='ltr'>promitto</span> <span class='ocrx_word' id='word_1_84' title='bbox 2585 1191 2923 1256; x_wconf 90' lang='lat' dir='ltr'>attendere</span> <span class='ocrx_word' id='word_1_85' title='bbox 2972 1197 3052 1255; x_wconf 87' lang='lat' dir='ltr'>et</span> 
     </span>
     <span class='ocr_line' id='line_1_11' title="bbox 482 1297 3051 1382; baseline -0.002 -17"><span class='ocrx_word' id='word_1_86' title='bbox 482 1300 847 1382; x_wconf 89' lang='lat' dir='ltr'>observare,</span> <span class='ocrx_word' id='word_1_87' title='bbox 884 1301 1132 1365; x_wconf 87' lang='lat' dir='ltr'>attendi</span> <span class='ocrx_word' id='word_1_88' title='bbox 1165 1306 1232 1364; x_wconf 91' lang='lat' dir='ltr'>et</span> <span class='ocrx_word' id='word_1_89' title='bbox 1278 1300 1608 1365; x_wconf 90' lang='lat' dir='ltr'>observari</span> <span class='ocrx_word' id='word_1_90' title='bbox 1656 1299 1867 1364; x_wconf 89' lang='lat' dir='ltr'>facere</span> <span class='ocrx_word' id='word_1_91' title='bbox 1916 1300 2053 1364; x_wconf 91' lang='lat' dir='ltr'>sine</span> <span class='ocrx_word' id='word_1_92' title='bbox 2101 1301 2272 1363; x_wconf 91' lang='lat' dir='ltr'>omni</span> <span class='ocrx_word' id='word_1_93' title='bbox 2307 1298 2454 1364; x_wconf 91' lang='lat' dir='ltr'>dolo</span> <span class='ocrx_word' id='word_1_94' title='bbox 2503 1305 2568 1364; x_wconf 90' lang='lat' dir='ltr'>et</span> <span class='ocrx_word' id='word_1_95' title='bbox 2598 1298 2846 1363; x_wconf 87' lang='lat' dir='ltr'>fraude.</span> <span class='ocrx_word' id='word_1_96' title='bbox 2928 1297 3051 1363; x_wconf 87' lang='lat' dir='ltr'>Sic</span> 
     </span>
     <span class='ocr_line' id='line_1_12' title="bbox 482 1407 2360 1490; baseline -0.001 -19"><span class='ocrx_word' id='word_1_97' title='bbox 482 1430 586 1472; x_wconf 88' lang='lat' dir='ltr'>me</span> <span class='ocrx_word' id='word_1_98' title='bbox 633 1407 792 1472; x_wconf 91' lang='lat' dir='ltr'>deus</span> <span class='ocrx_word' id='word_1_99' title='bbox 842 1407 1106 1472; x_wconf 89' lang='lat' dir='ltr'>adiuvet</span> <span class='ocrx_word' id='word_1_100' title='bbox 1153 1414 1218 1472; x_wconf 91' lang='lat' dir='ltr'>et</span> <span class='ocrx_word' id='word_1_101' title='bbox 1262 1407 1381 1472; x_wconf 94' lang='lat' dir='ltr'>hec</span> <span class='ocrx_word' id='word_1_102' title='bbox 1428 1413 1657 1472; x_wconf 91' lang='lat' dir='ltr'>sancta</span> <span class='ocrx_word' id='word_1_103' title='bbox 1704 1407 1807 1470; x_wconf 89' lang='lat' dir='ltr'>dei</span> <span class='ocrx_word' id='word_1_104' title='bbox 1856 1407 2208 1490; x_wconf 87' lang='lat' dir='ltr'>evangelia.</span> <span class='ocrx_word' id='word_1_105' title='bbox 2288 1410 2360 1470; x_wconf 89' lang='lat' dir='ltr'>T.</span> 
     </span>
    </p>
   </div>
   <div class='ocr_carea' id='block_1_4' title="bbox 750 1672 3052 1863">
    <p class='ocr_par' dir='ltr' id='par_1_4' title="bbox 750 1672 3052 1863">
     <span class='ocr_line' id='line_1_13' title="bbox 750 1672 3052 1757; baseline -0 -20"><span class='ocrx_word' id='word_1_106' title='bbox 750 1673 1308 1757; x_wconf 90' lang='lat' dir='ltr'>Iuramentum,</span> <span class='ocrx_word' id='word_1_107' title='bbox 1333 1673 1531 1757; x_wconf 89' lang='lat' dir='ltr'>quod</span> <span class='ocrx_word' id='word_1_108' title='bbox 1562 1673 2025 1757; x_wconf 89' lang='lat' dir='ltr'>prestabunt</span> <span class='ocrx_word' id='word_1_109' title='bbox 2057 1673 2355 1739; x_wconf 92' lang='lat' dir='ltr'>domino</span> <span class='ocrx_word' id='word_1_110' title='bbox 2386 1672 3052 1738; x_wconf 90' lang='lat' dir='ltr'>vicecancellario</span> 
     </span>
     <span class='ocr_line' id='line_1_14' title="bbox 842 1780 2305 1863; baseline 0.001 -19"><span class='ocrx_word' id='word_1_111' title='bbox 842 1782 1003 1844; x_wconf 92' lang='lat' dir='ltr'>eius</span> <span class='ocrx_word' id='word_1_112' title='bbox 1052 1780 1456 1845; x_wconf 90' lang='lat' dir='ltr'>domestici</span> <span class='ocrx_word' id='word_1_113' title='bbox 1504 1787 1579 1846; x_wconf 90' lang='lat' dir='ltr'>et</span> <span class='ocrx_word' id='word_1_114' title='bbox 1626 1781 1757 1863; x_wconf 91' lang='lat' dir='ltr'>alij</span> <span class='ocrx_word' id='word_1_115' title='bbox 1811 1780 2305 1846; x_wconf 82' lang='lat' dir='ltr'>familiares.2</span> 
     </span>
    </p>
   </div>
   <div class='ocr_carea' id='block_1_5' title="bbox 486 1957 3058 3643">
    <p class='ocr_par' dir='ltr' id='par_1_5' title="bbox 486 1957 3058 3643">
     <span class='ocr_line' id='line_1_15' title="bbox 662 1957 3051 2042; baseline -0 -19"><span class='ocrx_word' id='word_1_116' title='bbox 662 1957 804 2040; x_wconf 86' lang='lat' dir='ltr'>Ego</span> <span class='ocrx_word' id='word_1_117' title='bbox 838 2009 851 2022; x_wconf 93' lang='lat'>.</span> <span class='ocrx_word' id='word_1_118' title='bbox 890 2008 903 2022; x_wconf 90' lang='lat'>.</span> <span class='ocrx_word' id='word_1_119' title='bbox 938 1958 1278 2023; x_wconf 88' lang='lat' dir='ltr'>familiaris</span> <span class='ocrx_word' id='word_1_120' title='bbox 1326 1958 1568 2022; x_wconf 91' lang='lat' dir='ltr'>domini</span> <span class='ocrx_word' id='word_1_121' title='bbox 1612 1958 2122 2042; x_wconf 89' lang='lat' dir='ltr'>vicecancellarij</span> <span class='ocrx_word' id='word_1_122' title='bbox 2174 1964 2289 2023; x_wconf 91' lang='lat' dir='ltr'>aut</span> <span class='ocrx_word' id='word_1_123' title='bbox 2333 1960 2537 2042; x_wconf 91' lang='lat' dir='ltr'>ipsius</span> <span class='ocrx_word' id='word_1_124' title='bbox 2583 1959 3051 2041; x_wconf 85' lang='lat' dir='ltr'>vicesgerentis</span> 
     </span>
     <span class='ocr_line' id='line_1_16' title="bbox 486 2064 3045 2148; baseline 0 -19"><span class='ocrx_word' id='word_1_125' title='bbox 486 2066 649 2147; x_wconf 92' lang='lat' dir='ltr'>iuro,</span> <span class='ocrx_word' id='word_1_126' title='bbox 698 2064 871 2148; x_wconf 91' lang='lat' dir='ltr'>quod</span> <span class='ocrx_word' id='word_1_127' title='bbox 916 2064 1300 2129; x_wconf 88' lang='lat' dir='ltr'>fidelitatem</span> <span class='ocrx_word' id='word_1_128' title='bbox 1347 2065 1616 2130; x_wconf 85' lang='lat' dir='ltr'>servabo</span> <span class='ocrx_word' id='word_1_129' title='bbox 1666 2065 1791 2131; x_wconf 88' lang='lat' dir='ltr'>sibi</span> <span class='ocrx_word' id='word_1_130' title='bbox 1836 2066 1903 2129; x_wconf 90' lang='lat' dir='ltr'>in</span> <span class='ocrx_word' id='word_1_131' title='bbox 1952 2065 2270 2147; x_wconf 80' lang='lat' dir='ltr'>omnibuS,</span> <span class='ocrx_word' id='word_1_132' title='bbox 2320 2087 2445 2148; x_wconf 92' lang='lat' dir='ltr'>que</span> <span class='ocrx_word' id='word_1_133' title='bbox 2493 2065 2578 2130; x_wconf 90' lang='lat' dir='ltr'>ad</span> <span class='ocrx_word' id='word_1_134' title='bbox 2626 2065 3045 2130; x_wconf 90' lang='lat' dir='ltr'>commissum</span> 
     </span>
     <span class='ocr_line' id='line_1_17' title="bbox 488 2171 3052 2256; baseline 0.001 -21"><span class='ocrx_word' id='word_1_135' title='bbox 488 2171 612 2236; x_wconf 92' lang='lat' dir='ltr'>sibi</span> <span class='ocrx_word' id='word_1_136' title='bbox 660 2171 943 2236; x_wconf 90' lang='lat' dir='ltr'>officium</span> <span class='ocrx_word' id='word_1_137' title='bbox 989 2171 1371 2236; x_wconf 88' lang='lat' dir='ltr'>cancellarie</span> <span class='ocrx_word' id='word_1_138' title='bbox 1410 2173 1758 2256; x_wconf 88' lang='lat' dir='ltr'>pertinent.</span> <span class='ocrx_word' id='word_1_139' title='bbox 1826 2171 2190 2237; x_wconf 89' lang='lat' dir='ltr'>Abstinebo</span> <span class='ocrx_word' id='word_1_140' title='bbox 2225 2193 2264 2236; x_wconf 90' lang='lat' dir='ltr'>a</span> <span class='ocrx_word' id='word_1_141' title='bbox 2296 2172 2693 2254; x_wconf 89' lang='lat' dir='ltr'>muneribus,</span> <span class='ocrx_word' id='word_1_142' title='bbox 2743 2171 2929 2238; x_wconf 91' lang='lat' dir='ltr'>donis</span> <span class='ocrx_word' id='word_1_143' title='bbox 2981 2179 3052 2237; x_wconf 89' lang='lat' dir='ltr'>et</span> 
     </span>
     <span class='ocr_line' id='line_1_18' title="bbox 489 2277 3050 2362; baseline 0.001 -20"><span class='ocrx_word' id='word_1_144' title='bbox 489 2278 811 2342; x_wconf 80' lang='lat' dir='ltr'>enseniis³</span> <span class='ocrx_word' id='word_1_145' title='bbox 865 2277 1356 2362; x_wconf 87' lang='lat' dir='ltr'>quibuscunque</span> <span class='ocrx_word' id='word_1_146' title='bbox 1380 2330 1395 2361; x_wconf 93' lang='lat'>,</span> <span class='ocrx_word' id='word_1_147' title='bbox 1464 2279 1813 2343; x_wconf 87' lang='lat' dir='ltr'>esculentis</span> <span class='ocrx_word' id='word_1_148' title='bbox 1874 2286 1940 2343; x_wconf 93' lang='lat' dir='ltr'>et</span> <span class='ocrx_word' id='word_1_149' title='bbox 2006 2279 2369 2362; x_wconf 84' lang='lat' dir='ltr'>poculentis</span> <span class='ocrx_word' id='word_1_150' title='bbox 2429 2302 2557 2345; x_wconf 91' lang='lat' dir='ltr'>non</span> <span class='ocrx_word' id='word_1_151' title='bbox 2611 2278 3050 2345; x_wconf 83' lang='lat' dir='ltr'>fraudulentis</span> 
     </span>
     <span class='ocr_line' id='line_1_19' title="bbox 492 2384 3051 2473; baseline 0.001 -24"><span class='ocrx_word' id='word_1_152' title='bbox 492 2384 832 2449; x_wconf 82' lang='lat' dir='ltr'>dumtaxat</span> <span class='ocrx_word' id='word_1_153' title='bbox 897 2386 1211 2473; x_wconf 85' lang='lat' dir='ltr'>exceptis,</span> <span class='ocrx_word' id='word_1_154' title='bbox 1259 2386 1354 2449; x_wconf 86' lang='lat' dir='ltr'>ita</span> <span class='ocrx_word' id='word_1_155' title='bbox 1409 2385 1583 2468; x_wconf 92' lang='lat' dir='ltr'>quod</span> <span class='ocrx_word' id='word_1_156' title='bbox 1638 2407 1755 2468; x_wconf 91' lang='lat' dir='ltr'>per</span> <span class='ocrx_word' id='word_1_157' title='bbox 1809 2407 1911 2450; x_wconf 87' lang='lat' dir='ltr'>me</span> <span class='ocrx_word' id='word_1_158' title='bbox 1967 2385 2068 2450; x_wconf 90' lang='lat' dir='ltr'>vel</span> <span class='ocrx_word' id='word_1_159' title='bbox 2126 2385 2327 2450; x_wconf 91' lang='lat' dir='ltr'>alium</span> <span class='ocrx_word' id='word_1_160' title='bbox 2373 2386 2572 2451; x_wconf 88' lang='lat' dir='ltr'>nichil</span> <span class='ocrx_word' id='word_1_161' title='bbox 2620 2385 2839 2469; x_wconf 91' lang='lat' dir='ltr'>aliquo</span> <span class='ocrx_word' id='word_1_162' title='bbox 2887 2407 3051 2452; x_wconf 90' lang='lat' dir='ltr'>casu</span> 
     </span>
     <span class='ocr_line' id='line_1_20' title="bbox 490 2492 3052 2577; baseline 0.001 -22"><span class='ocrx_word' id='word_1_163' title='bbox 490 2492 799 2576; x_wconf 89' lang='lat' dir='ltr'>recipiam</span> <span class='ocrx_word' id='word_1_164' title='bbox 846 2492 929 2557; x_wconf 91' lang='lat' dir='ltr'>ab</span> <span class='ocrx_word' id='word_1_165' title='bbox 977 2492 1198 2576; x_wconf 91' lang='lat' dir='ltr'>aliqua</span> <span class='ocrx_word' id='word_1_166' title='bbox 1228 2513 1526 2577; x_wconf 89' lang='lat' dir='ltr'>persona,</span> <span class='ocrx_word' id='word_1_167' title='bbox 1575 2514 1701 2575; x_wconf 92' lang='lat' dir='ltr'>que</span> <span class='ocrx_word' id='word_1_168' title='bbox 1732 2492 2002 2557; x_wconf 81' lang='lat' dir='ltr'>habebit</span> <span class='ocrx_word' id='word_1_169' title='bbox 2035 2514 2149 2557; x_wconf 87' lang='lat' dir='ltr'>seu</span> <span class='ocrx_word' id='word_1_170' title='bbox 2180 2492 2381 2557; x_wconf 92' lang='lat' dir='ltr'>habet</span> <span class='ocrx_word' id='word_1_171' title='bbox 2410 2493 2674 2576; x_wconf 91' lang='lat' dir='ltr'>aliquod</span> <span class='ocrx_word' id='word_1_172' title='bbox 2705 2494 3052 2577; x_wconf 83' lang='lat' dir='ltr'>negocium</span> 
     </span>
     <span class='ocr_line' id='line_1_21' title="bbox 491 2597 3052 2681; baseline 0.002 -19"><span class='ocrx_word' id='word_1_173' title='bbox 491 2597 792 2681; x_wconf 84' lang='lat' dir='ltr'>expedire</span> <span class='ocrx_word' id='word_1_174' title='bbox 839 2599 905 2663; x_wconf 90' lang='lat' dir='ltr'>in</span> <span class='ocrx_word' id='word_1_175' title='bbox 954 2599 1341 2666; x_wconf 87' lang='lat' dir='ltr'>cancellaria</span> <span class='ocrx_word' id='word_1_176' title='bbox 1386 2599 1487 2664; x_wconf 91' lang='lat' dir='ltr'>vel</span> <span class='ocrx_word' id='word_1_177' title='bbox 1533 2598 1617 2663; x_wconf 92' lang='lat' dir='ltr'>ad</span> <span class='ocrx_word' id='word_1_178' title='bbox 1673 2598 1956 2664; x_wconf 89' lang='lat' dir='ltr'>officium</span> <span class='ocrx_word' id='word_1_179' title='bbox 2012 2598 2302 2664; x_wconf 89' lang='lat' dir='ltr'>eiusdem</span> <span class='ocrx_word' id='word_1_180' title='bbox 2365 2600 2606 2665; x_wconf 89' lang='lat' dir='ltr'>domini</span> <span class='ocrx_word' id='word_1_181' title='bbox 2655 2602 3052 2666; x_wconf 89' lang='lat' dir='ltr'>vicecancel-</span> 
     </span>
     <span class='ocr_line' id='line_1_22' title="bbox 491 2704 3058 2790; baseline 0.002 -22"><span class='ocrx_word' id='word_1_182' title='bbox 491 2704 634 2787; x_wconf 90' lang='lat' dir='ltr'>larij</span> <span class='ocrx_word' id='word_1_183' title='bbox 704 2726 819 2769; x_wconf 91' lang='lat' dir='ltr'>seu</span> <span class='ocrx_word' id='word_1_184' title='bbox 881 2705 1173 2770; x_wconf 88' lang='lat' dir='ltr'>eiusdem</span> <span class='ocrx_word' id='word_1_185' title='bbox 1234 2705 1735 2788; x_wconf 81' lang='lat' dir='ltr'>vicesgerentis4</span> <span class='ocrx_word' id='word_1_186' title='bbox 1786 2706 2116 2790; x_wconf 87' lang='lat' dir='ltr'>pertinens</span> <span class='ocrx_word' id='word_1_187' title='bbox 2139 2756 2155 2788; x_wconf 94' lang='lat'>,</span> <span class='ocrx_word' id='word_1_188' title='bbox 2214 2706 2520 2789; x_wconf 85' lang='lat' dir='ltr'>predictis</span> <span class='ocrx_word' id='word_1_189' title='bbox 2580 2708 2928 2772; x_wconf 84' lang='lat' dir='ltr'>esculentis</span> <span class='ocrx_word' id='word_1_190' title='bbox 2985 2715 3058 2773; x_wconf 90' lang='lat' dir='ltr'>et</span> 
     </span>
     <span class='ocr_line' id='line_1_23' title="bbox 493 2811 3055 2896; baseline 0.001 -20"><span class='ocrx_word' id='word_1_191' title='bbox 493 2812 856 2895; x_wconf 86' lang='lat' dir='ltr'>poculentis</span> <span class='ocrx_word' id='word_1_192' title='bbox 905 2814 1209 2896; x_wconf 84' lang='lat' dir='ltr'>exceptis.</span> <span class='ocrx_word' id='word_1_193' title='bbox 1287 2811 1367 2876; x_wconf 91' lang='lat' dir='ltr'>In</span> <span class='ocrx_word' id='word_1_194' title='bbox 1406 2812 1594 2878; x_wconf 92' lang='lat' dir='ltr'>domo</span> <span class='ocrx_word' id='word_1_195' title='bbox 1644 2834 1758 2877; x_wconf 92' lang='lat' dir='ltr'>seu</span> <span class='ocrx_word' id='word_1_196' title='bbox 1802 2811 2093 2895; x_wconf 91' lang='lat' dir='ltr'>hospicio</span> <span class='ocrx_word' id='word_1_197' title='bbox 2141 2812 2523 2878; x_wconf 88' lang='lat' dir='ltr'>cancellarie</span> <span class='ocrx_word' id='word_1_198' title='bbox 2569 2814 3055 2880; x_wconf 90' lang='lat' dir='ltr'>inhonestatem</span> 
     </span>
     <span class='ocr_line' id='line_1_24' title="bbox 493 2918 3054 3004; baseline 0.002 -23"><span class='ocrx_word' id='word_1_199' title='bbox 493 2940 622 2983; x_wconf 92' lang='lat' dir='ltr'>non</span> <span class='ocrx_word' id='word_1_200' title='bbox 669 2919 1068 2983; x_wconf 90' lang='lat' dir='ltr'>committam</span> <span class='ocrx_word' id='word_1_201' title='bbox 1113 2940 1232 2983; x_wconf 91' lang='lat' dir='ltr'>nec</span> <span class='ocrx_word' id='word_1_202' title='bbox 1287 2940 1405 3004; x_wconf 90' lang='lat' dir='ltr'>per</span> <span class='ocrx_word' id='word_1_203' title='bbox 1462 2918 1663 2983; x_wconf 91' lang='lat' dir='ltr'>alium</span> <span class='ocrx_word' id='word_1_204' title='bbox 1724 2921 2042 2983; x_wconf 88' lang='lat' dir='ltr'>committi</span> <span class='ocrx_word' id='word_1_205' title='bbox 2088 2920 2462 3002; x_wconf 88' lang='lat' dir='ltr'>permittam</span> <span class='ocrx_word' id='word_1_206' title='bbox 2521 2922 2830 3002; x_wconf 88' lang='lat' dir='ltr'>scienter,</span> <span class='ocrx_word' id='word_1_207' title='bbox 2880 2928 2946 2986; x_wconf 89' lang='lat' dir='ltr'>et</span> <span class='ocrx_word' id='word_1_208' title='bbox 2995 2923 3054 2986; x_wconf 90' lang='lat' dir='ltr'>si</span> 
     </span>
     <span class='ocr_line' id='line_1_25' title="bbox 497 3024 3058 3109; baseline 0.002 -21"><span class='ocrx_word' id='word_1_209' title='bbox 497 3024 741 3089; x_wconf 90' lang='lat' dir='ltr'>scivero</span> <span class='ocrx_word' id='word_1_210' title='bbox 790 3030 856 3089; x_wconf 91' lang='lat' dir='ltr'>et</span> <span class='ocrx_word' id='word_1_211' title='bbox 900 3025 1243 3107; x_wconf 90' lang='lat' dir='ltr'>prohibere</span> <span class='ocrx_word' id='word_1_212' title='bbox 1290 3048 1418 3090; x_wconf 89' lang='lat' dir='ltr'>non</span> <span class='ocrx_word' id='word_1_213' title='bbox 1465 3033 1713 3109; x_wconf 88' lang='lat' dir='ltr'>poter0,</span> <span class='ocrx_word' id='word_1_214' title='bbox 1764 3026 1972 3092; x_wconf 89' lang='lat' dir='ltr'>eidem</span> <span class='ocrx_word' id='word_1_215' title='bbox 2019 3026 2547 3092; x_wconf 89' lang='lat' dir='ltr'>vicecancellario</span> <span class='ocrx_word' id='word_1_216' title='bbox 2593 3027 2896 3093; x_wconf 87' lang='lat' dir='ltr'>revelabo</span> <span class='ocrx_word' id='word_1_217' title='bbox 2935 3035 3058 3092; x_wconf 91' lang='lat' dir='ltr'>aut</span> 
     </span>
     <span class='ocr_line' id='line_1_26' title="bbox 495 3131 3054 3217; baseline 0.002 -23"><span class='ocrx_word' id='word_1_218' title='bbox 495 3132 633 3195; x_wconf 86' lang='lat' dir='ltr'>eius</span> <span class='ocrx_word' id='word_1_219' title='bbox 665 3131 1091 3214; x_wconf 87' lang='lat' dir='ltr'>vicesgerenti</span> <span class='ocrx_word' id='word_1_220' title='bbox 1119 3133 1393 3217; x_wconf 83' lang='lat' dir='ltr'>prefatO,</span> <span class='ocrx_word' id='word_1_221' title='bbox 1428 3133 1814 3215; x_wconf 88' lang='lat' dir='ltr'>quantocius</span> <span class='ocrx_word' id='word_1_222' title='bbox 1853 3139 2099 3215; x_wconf 89' lang='lat' dir='ltr'>potero,</span> <span class='ocrx_word' id='word_1_223' title='bbox 2139 3133 2590 3199; x_wconf 88' lang='lat' dir='ltr'>manifestabo.</span> <span class='ocrx_word' id='word_1_224' title='bbox 2640 3134 2718 3198; x_wconf 91' lang='lat' dir='ltr'>In</span> <span class='ocrx_word' id='word_1_225' title='bbox 2751 3134 3054 3199; x_wconf 91' lang='lat' dir='ltr'>omnibus</span> 
     </span>
     <span class='ocr_line' id='line_1_27' title="bbox 493 3236 3054 3322; baseline 0.001 -21"><span class='ocrx_word' id='word_1_226' title='bbox 493 3236 641 3320; x_wconf 84' lang='lat' dir='ltr'>hijs,</span> <span class='ocrx_word' id='word_1_227' title='bbox 692 3260 817 3321; x_wconf 91' lang='lat' dir='ltr'>que</span> <span class='ocrx_word' id='word_1_228' title='bbox 866 3244 1165 3322; x_wconf 90' lang='lat' dir='ltr'>spectant</span> <span class='ocrx_word' id='word_1_229' title='bbox 1211 3238 1295 3303; x_wconf 90' lang='lat' dir='ltr'>ad</span> <span class='ocrx_word' id='word_1_230' title='bbox 1342 3238 1626 3303; x_wconf 88' lang='lat' dir='ltr'>officium</span> <span class='ocrx_word' id='word_1_231' title='bbox 1659 3239 2124 3322; x_wconf 88' lang='lat' dir='ltr'>supradictum,</span> <span class='ocrx_word' id='word_1_232' title='bbox 2174 3241 2526 3322; x_wconf 90' lang='lat' dir='ltr'>puritatem</span> <span class='ocrx_word' id='word_1_233' title='bbox 2560 3248 2625 3305; x_wconf 91' lang='lat' dir='ltr'>et</span> <span class='ocrx_word' id='word_1_234' title='bbox 2656 3240 3054 3306; x_wconf 86' lang='lat' dir='ltr'>mundiciam</span> 
     </span>
     <span class='ocr_line' id='line_1_28' title="bbox 497 3344 3056 3429; baseline 0.001 -21"><span class='ocrx_word' id='word_1_235' title='bbox 497 3344 785 3425; x_wconf 86' lang='lat' dir='ltr'>servabo,</span> <span class='ocrx_word' id='word_1_236' title='bbox 836 3349 903 3408; x_wconf 87' lang='lat' dir='ltr'>et</span> <span class='ocrx_word' id='word_1_237' title='bbox 949 3367 1074 3427; x_wconf 92' lang='lat' dir='ltr'>que</span> <span class='ocrx_word' id='word_1_238' title='bbox 1120 3346 1380 3410; x_wconf 90' lang='lat' dir='ltr'>racione</span> <span class='ocrx_word' id='word_1_239' title='bbox 1428 3346 1527 3409; x_wconf 91' lang='lat' dir='ltr'>sui</span> <span class='ocrx_word' id='word_1_240' title='bbox 1576 3344 1769 3429; x_wconf 85' lang='lat' dir='ltr'>officij</span> <span class='ocrx_word' id='word_1_241' title='bbox 1805 3345 1979 3411; x_wconf 91' lang='lat' dir='ltr'>idem</span> <span class='ocrx_word' id='word_1_242' title='bbox 2010 3345 2306 3411; x_wconf 87' lang='lat' dir='ltr'>dominus</span> <span class='ocrx_word' id='word_1_243' title='bbox 2338 3347 2903 3412; x_wconf 89' lang='lat' dir='ltr'>vicecancellarius</span> <span class='ocrx_word' id='word_1_244' title='bbox 2937 3355 3056 3411; x_wconf 90' lang='lat' dir='ltr'>aut</span> 
     </span>
     <span class='ocr_line' id='line_1_29' title="bbox 496 3451 3053 3537; baseline 0.002 -24"><span class='ocrx_word' id='word_1_245' title='bbox 496 3451 634 3514; x_wconf 91' lang='lat' dir='ltr'>eius</span> <span class='ocrx_word' id='word_1_246' title='bbox 680 3452 1127 3532; x_wconf 83' lang='lat' dir='ltr'>vicesgerens⁵</span> <span class='ocrx_word' id='word_1_247' title='bbox 1170 3451 1368 3517; x_wconf 92' lang='lat' dir='ltr'>michi</span> <span class='ocrx_word' id='word_1_248' title='bbox 1412 3452 1772 3534; x_wconf 88' lang='lat' dir='ltr'>mandabit,</span> <span class='ocrx_word' id='word_1_249' title='bbox 1820 3451 2102 3518; x_wconf 88' lang='lat' dir='ltr'>fideliter</span> <span class='ocrx_word' id='word_1_250' title='bbox 2139 3453 2523 3537; x_wconf 85' lang='lat' dir='ltr'>adimplebo.</span> <span class='ocrx_word' id='word_1_251' title='bbox 2605 3453 2869 3519; x_wconf 86' lang='lat' dir='ltr'>Secreta</span> <span class='ocrx_word' id='word_1_252' title='bbox 2900 3476 3053 3519; x_wconf 90' lang='lat' dir='ltr'>vero</span> 
     </span>
     <span class='ocr_line' id='line_1_30' title="bbox 498 3544 3052 3643; baseline 0.001 -23"><span class='ocrx_word' id='word_1_253' title='bbox 498 3555 738 3621; x_wconf 92' lang='lat' dir='ltr'>domini</span> <span class='ocrx_word' id='word_1_254' title='bbox 785 3557 1294 3641; x_wconf 90' lang='lat' dir='ltr'>vicecancellarij</span> <span class='ocrx_word' id='word_1_255' title='bbox 1348 3579 1463 3622; x_wconf 91' lang='lat' dir='ltr'>seu</span> <span class='ocrx_word' id='word_1_256' title='bbox 1510 3560 1649 3623; x_wconf 92' lang='lat' dir='ltr'>eius</span> <span class='ocrx_word' id='word_1_257' title='bbox 1698 3560 2224 3643; x_wconf 67' lang='lat' dir='ltr'>vicesgerentisss,</span> <span class='ocrx_word' id='word_1_258' title='bbox 2273 3582 2398 3643; x_wconf 90' lang='lat' dir='ltr'>que</span> <span class='ocrx_word' id='word_1_259' title='bbox 2446 3565 2695 3625; x_wconf 89' lang='lat' dir='ltr'>secreta</span> <span class='ocrx_word' id='word_1_260' title='bbox 2742 3544 2883 3625; x_wconf 88' lang='lat' dir='ltr'>esse</span> <span class='ocrx_word' id='word_1_261' title='bbox 2931 3561 3052 3624; x_wconf 86' lang='lat' dir='ltr'>sci-</span> 
     </span>
    </p>
   </div>
   <div class='ocr_carea' id='block_1_6' title="bbox 495 3663 3051 3852">
    <p class='ocr_par' dir='ltr' id='par_1_6' title="bbox 495 3663 3051 3852">
     <span class='ocr_line' id='line_1_31' title="bbox 495 3663 3051 3746; baseline 0.002 -20"><span class='ocrx_word' id='word_1_262' title='bbox 495 3685 647 3728; x_wconf 87' lang='lat' dir='ltr'>vero</span> <span class='ocrx_word' id='word_1_263' title='bbox 669 3713 685 3746; x_wconf 91' lang='lat'>,</span> <span class='ocrx_word' id='word_1_264' title='bbox 752 3664 996 3728; x_wconf 90' lang='lat' dir='ltr'>nemini</span> <span class='ocrx_word' id='word_1_265' title='bbox 1054 3663 1375 3729; x_wconf 89' lang='lat' dir='ltr'>revelabo.</span> <span class='ocrx_word' id='word_1_266' title='bbox 1498 3665 1605 3730; x_wconf 87' lang='lat' dir='ltr'>Sic</span> <span class='ocrx_word' id='word_1_267' title='bbox 1664 3688 1768 3729; x_wconf 88' lang='lat' dir='ltr'>me</span> <span class='ocrx_word' id='word_1_268' title='bbox 1832 3666 1989 3730; x_wconf 92' lang='lat' dir='ltr'>deus</span> <span class='ocrx_word' id='word_1_269' title='bbox 2052 3666 2313 3731; x_wconf 91' lang='lat' dir='ltr'>adiuvet</span> <span class='ocrx_word' id='word_1_270' title='bbox 2372 3672 2437 3731; x_wconf 91' lang='lat' dir='ltr'>et</span> <span class='ocrx_word' id='word_1_271' title='bbox 2489 3665 2609 3731; x_wconf 89' lang='lat' dir='ltr'>hec</span> <span class='ocrx_word' id='word_1_272' title='bbox 2663 3674 2891 3732; x_wconf 91' lang='lat' dir='ltr'>sancta</span> <span class='ocrx_word' id='word_1_273' title='bbox 2947 3666 3051 3730; x_wconf 87' lang='lat' dir='ltr'>dei</span> 
     </span>
     <span class='ocr_line' id='line_1_32' title="bbox 499 3769 1019 3852; baseline 0.004 -19"><span class='ocrx_word' id='word_1_274' title='bbox 499 3770 851 3852; x_wconf 89' lang='lat' dir='ltr'>evangelia.</span> <span class='ocrx_word' id='word_1_275' title='bbox 946 3769 1019 3835; x_wconf 84' lang='lat' dir='ltr'>T.</span> 
     </span>
    </p>
   </div>
   <div class='ocr_carea' id='block_1_7' title="bbox 498 3983 3052 4588">
    <p class='ocr_par' dir='ltr' id='par_1_7' title="bbox 498 3983 3052 4588">
     <span class='ocr_line' id='line_1_33' title="bbox 678 3983 3050 4058; baseline 0.001 -19"><span class='ocrx_word' id='word_1_276' title='bbox 678 3985 697 4016; x_wconf 86' lang='lat'>²</span> <span class='ocrx_word' id='word_1_277' title='bbox 734 3984 893 4039; x_wconf 90' lang='lat' dir='ltr'>Nach</span> <span class='ocrx_word' id='word_1_278' title='bbox 938 3983 1140 4038; x_wconf 87' lang='lat' dir='ltr'>faciam</span> <span class='ocrx_word' id='word_1_279' title='bbox 1177 3985 1323 4039; x_wconf 89' lang='lat' dir='ltr'>steht</span> <span class='ocrx_word' id='word_1_280' title='bbox 1359 3988 1416 4039; x_wconf 92' lang='lat' dir='ltr'>in</span> <span class='ocrx_word' id='word_1_281' title='bbox 1453 3986 1551 4041; x_wconf 87' lang='lat' dir='ltr'>der</span> <span class='ocrx_word' id='word_1_282' title='bbox 1586 3986 1821 4040; x_wconf 87' lang='lat' dir='ltr'>Hdschr.</span> <span class='ocrx_word' id='word_1_283' title='bbox 1861 4004 1952 4040; x_wconf 88' lang='lat' dir='ltr'>am</span> <span class='ocrx_word' id='word_1_284' title='bbox 1995 3986 2152 4040; x_wconf 89' lang='lat' dir='ltr'>Ende</span> <span class='ocrx_word' id='word_1_285' title='bbox 2199 3988 2297 4040; x_wconf 88' lang='lat' dir='ltr'>der</span> <span class='ocrx_word' id='word_1_286' title='bbox 2332 3987 2480 4042; x_wconf 87' lang='lat' dir='ltr'>Zeile</span> <span class='ocrx_word' id='word_1_287' title='bbox 2525 4005 2608 4056; x_wconf 88' lang='lat' dir='ltr'>re,</span> <span class='ocrx_word' id='word_1_288' title='bbox 2665 4005 2755 4041; x_wconf 90' lang='lat' dir='ltr'>am</span> <span class='ocrx_word' id='word_1_289' title='bbox 2791 3988 3050 4058; x_wconf 86' lang='lat' dir='ltr'>Anfange</span> 
     </span>
     <span class='ocr_line' id='line_1_34' title="bbox 500 4072 3052 4142; baseline 0.002 -16"><span class='ocrx_word' id='word_1_290' title='bbox 500 4074 598 4127; x_wconf 88' lang='lat' dir='ltr'>der</span> <span class='ocrx_word' id='word_1_291' title='bbox 633 4072 1122 4142; x_wconf 77' lang='lat' dir='ltr'>nachstfolgenden</span> <span class='ocrx_word' id='word_1_292' title='bbox 1159 4076 1442 4129; x_wconf 88' lang='lat' dir='ltr'>retardari.</span> <span class='ocrx_word' id='word_1_293' title='bbox 1516 4073 1637 4129; x_wconf 91' lang='lat' dir='ltr'>Das</span> <span class='ocrx_word' id='word_1_294' title='bbox 1673 4080 1814 4128; x_wconf 86' lang='lat' dir='ltr'>erste</span> <span class='ocrx_word' id='word_1_295' title='bbox 1851 4092 1910 4129; x_wconf 89' lang='lat' dir='ltr'>re</span> <span class='ocrx_word' id='word_1_296' title='bbox 1947 4077 2019 4129; x_wconf 88' lang='lat' dir='ltr'>ist</span> <span class='ocrx_word' id='word_1_297' title='bbox 2054 4081 2141 4129; x_wconf 91' lang='lat' dir='ltr'>rot</span> <span class='ocrx_word' id='word_1_298' title='bbox 2174 4075 2573 4130; x_wconf 87' lang='lat' dir='ltr'>unterstrichen</span> <span class='ocrx_word' id='word_1_299' title='bbox 2609 4078 2723 4130; x_wconf 91' lang='lat' dir='ltr'>und</span> <span class='ocrx_word' id='word_1_300' title='bbox 2761 4077 3052 4132; x_wconf 81' lang='lat' dir='ltr'>hiel-durch</span> 
     </span>
     <span class='ocr_line' id='line_1_35' title="bbox 498 4161 3049 4232; baseline 0.001 -16"><span class='ocrx_word' id='word_1_301' title='bbox 498 4161 713 4232; x_wconf 87' lang='lat' dir='ltr'>getilgt.</span> <span class='ocrx_word' id='word_1_302' title='bbox 861 4162 882 4192; x_wconf 74' lang='lat'>²</span> <span class='ocrx_word' id='word_1_303' title='bbox 917 4161 1029 4215; x_wconf 88' lang='lat' dir='ltr'>Am</span> <span class='ocrx_word' id='word_1_304' title='bbox 1053 4161 1249 4217; x_wconf 84' lang='lat' dir='ltr'>Raude</span> <span class='ocrx_word' id='word_1_305' title='bbox 1273 4163 1551 4218; x_wconf 88' lang='lat' dir='ltr'>daneben:</span> <span class='ocrx_word' id='word_1_306' title='bbox 1589 4166 1960 4217; x_wconf 89' lang='lat' dir='ltr'>iuramentum</span> <span class='ocrx_word' id='word_1_307' title='bbox 1986 4164 2340 4221; x_wconf 85' lang='lat' dir='ltr'>familiarium</span> <span class='ocrx_word' id='word_1_308' title='bbox 2368 4164 2575 4219; x_wconf 88' lang='lat' dir='ltr'>domini</span> <span class='ocrx_word' id='word_1_309' title='bbox 2601 4166 3049 4220; x_wconf 89' lang='lat' dir='ltr'>vicecancellarii.</span> 
     </span>
     <span class='ocr_line' id='line_1_36' title="bbox 501 4250 3049 4323; baseline 0.002 -20"><span class='ocrx_word' id='word_1_310' title='bbox 501 4250 523 4282; x_wconf 77' lang='lat'>³</span> <span class='ocrx_word' id='word_1_311' title='bbox 559 4250 677 4304; x_wconf 90' lang='lat' dir='ltr'>Das</span> <span class='ocrx_word' id='word_1_312' title='bbox 712 4269 738 4304; x_wconf 88' lang='lat' dir='ltr'>s</span> <span class='ocrx_word' id='word_1_313' title='bbox 775 4253 833 4303; x_wconf 91' lang='lat' dir='ltr'>in</span> <span class='ocrx_word' id='word_1_314' title='bbox 870 4252 1108 4321; x_wconf 88' lang='lat' dir='ltr'>ensenijs</span> <span class='ocrx_word' id='word_1_315' title='bbox 1145 4254 1246 4304; x_wconf 90' lang='lat' dir='ltr'>mit</span> <span class='ocrx_word' id='word_1_316' title='bbox 1281 4251 1585 4309; x_wconf 83' lang='lat' dir='ltr'>schwarzer</span> <span class='ocrx_word' id='word_1_317' title='bbox 1619 4253 1787 4306; x_wconf 74' lang='lat' dir='ltr'>&#39;I&#39;inte</span> <span class='ocrx_word' id='word_1_318' title='bbox 1823 4271 1924 4308; x_wconf 86' lang='lat' dir='ltr'>aus</span> <span class='ocrx_word' id='word_1_319' title='bbox 1959 4271 1990 4306; x_wconf 92' lang='lat' dir='ltr'>c</span> <span class='ocrx_word' id='word_1_320' title='bbox 2024 4253 2317 4323; x_wconf 84' lang='lat' dir='ltr'>korrigiert</span> <span class='ocrx_word' id='word_1_321' title='bbox 2351 4254 2651 4322; x_wconf 85' lang='lat' dir='ltr'>(encenijs).</span> <span class='ocrx_word' id='word_1_322' title='bbox 2813 4254 2836 4287; x_wconf 75' lang='lat'><strong>⁴</strong></span> <span class='ocrx_word' id='word_1_323' title='bbox 2871 4254 2989 4308; x_wconf 90' lang='lat' dir='ltr'>Das</span> <span class='ocrx_word' id='word_1_324' title='bbox 3023 4272 3049 4307; x_wconf 86' lang='lat' dir='ltr'>s</span> 
     </span>
     <span class='ocr_line' id='line_1_37' title="bbox 501 4338 3049 4413; baseline 0.002 -20"><span class='ocrx_word' id='word_1_325' title='bbox 501 4341 558 4393; x_wconf 92' lang='lat' dir='ltr'>in</span> <span class='ocrx_word' id='word_1_326' title='bbox 594 4340 741 4394; x_wconf 83' lang='lat' dir='ltr'>vices</span> <span class='ocrx_word' id='word_1_327' title='bbox 777 4357 907 4395; x_wconf 87' lang='lat' dir='ltr'>vom</span> <span class='ocrx_word' id='word_1_328' title='bbox 944 4338 1234 4395; x_wconf 87' lang='lat' dir='ltr'>Schreiber</span> <span class='ocrx_word' id='word_1_329' title='bbox 1269 4343 1372 4394; x_wconf 90' lang='lat' dir='ltr'>mit</span> <span class='ocrx_word' id='word_1_330' title='bbox 1406 4342 1695 4397; x_wconf 85' lang='lat' dir='ltr'>derselben</span> <span class='ocrx_word' id='word_1_331' title='bbox 1732 4342 1899 4396; x_wconf 86' lang='lat' dir='ltr'>Tinte</span> <span class='ocrx_word' id='word_1_332' title='bbox 1935 4342 2358 4413; x_wconf 85' lang='lat' dir='ltr'>nachgetragen.</span> <span class='ocrx_word' id='word_1_333' title='bbox 2527 4342 2550 4373; x_wconf 77' lang='lat'>⁵</span> <span class='ocrx_word' id='word_1_334' title='bbox 2592 4340 2711 4396; x_wconf 87' lang='lat' dir='ltr'>Das</span> <span class='ocrx_word' id='word_1_335' title='bbox 2747 4361 2774 4397; x_wconf 88' lang='lat' dir='ltr'>s</span> <span class='ocrx_word' id='word_1_336' title='bbox 2810 4345 2868 4396; x_wconf 88' lang='lat' dir='ltr'>in</span> <span class='ocrx_word' id='word_1_337' title='bbox 2903 4345 3049 4398; x_wconf 85' lang='lat' dir='ltr'>vices</span> 
     </span>
     <span class='ocr_line' id='line_1_38' title="bbox 502 4428 3050 4501; baseline 0.002 -21"><span class='ocrx_word' id='word_1_338' title='bbox 502 4430 605 4481; x_wconf 88' lang='lat' dir='ltr'>mit</span> <span class='ocrx_word' id='word_1_339' title='bbox 649 4428 953 4482; x_wconf 82' lang='lat' dir='ltr'>schwarzer</span> <span class='ocrx_word' id='word_1_340' title='bbox 988 4429 1154 4483; x_wconf 88' lang='lat' dir='ltr'>Tinte</span> <span class='ocrx_word' id='word_1_341' title='bbox 1199 4429 1623 4500; x_wconf 86' lang='lat' dir='ltr'>nachgetragen.</span> <span class='ocrx_word' id='word_1_342' title='bbox 1699 4431 1807 4484; x_wconf 90' lang='lat' dir='ltr'>Die</span> <span class='ocrx_word' id='word_1_343' title='bbox 1836 4431 2146 4485; x_wconf 86' lang='lat' dir='ltr'>Korrektur</span> <span class='ocrx_word' id='word_1_344' title='bbox 2181 4431 2354 4484; x_wconf 86' lang='lat' dir='ltr'>durch</span> <span class='ocrx_word' id='word_1_345' title='bbox 2390 4433 2481 4484; x_wconf 91' lang='lat' dir='ltr'>ein</span> <span class='ocrx_word' id='word_1_346' title='bbox 2526 4436 2670 4484; x_wconf 88' lang='lat' dir='ltr'>rotes</span> <span class='ocrx_word' id='word_1_347' title='bbox 2715 4449 2741 4484; x_wconf 86' lang='lat' dir='ltr'>s</span> <span class='ocrx_word' id='word_1_348' title='bbox 2761 4472 2775 4501; x_wconf 89' lang='lat'>,</span> <span class='ocrx_word' id='word_1_349' title='bbox 2820 4431 3050 4487; x_wconf 85' lang='lat' dir='ltr'>welches</span> 
     </span>
     <span class='ocr_line' id='line_1_39' title="bbox 502 4515 3050 4588; baseline 0.001 -19"><span class='ocrx_word' id='word_1_350' title='bbox 502 4516 601 4570; x_wconf 91' lang='lat' dir='ltr'>der</span> <span class='ocrx_word' id='word_1_351' title='bbox 623 4515 965 4571; x_wconf 86' lang='lat' dir='ltr'>Rubrikator</span> <span class='ocrx_word' id='word_1_352' title='bbox 1000 4517 1422 4588; x_wconf 89' lang='lat' dir='ltr'>hineinschrieb,</span> <span class='ocrx_word' id='word_1_353' title='bbox 1456 4515 1764 4574; x_wconf 84' lang='lat' dir='ltr'>veraulasst.</span> <span class='ocrx_word' id='word_1_354' title='bbox 1909 4520 1932 4550; x_wconf 70' lang='grc' dir='ltr'><strong>θ</strong></span> <span class='ocrx_word' id='word_1_355' title='bbox 1968 4519 2085 4573; x_wconf 90' lang='lat' dir='ltr'>Das</span> <span class='ocrx_word' id='word_1_356' title='bbox 2122 4538 2146 4572; x_wconf 93' lang='lat' dir='ltr'>s</span> <span class='ocrx_word' id='word_1_357' title='bbox 2184 4522 2240 4572; x_wconf 91' lang='lat' dir='ltr'>in</span> <span class='ocrx_word' id='word_1_358' title='bbox 2268 4522 2413 4573; x_wconf 84' lang='lat' dir='ltr'>vices</span> <span class='ocrx_word' id='word_1_359' title='bbox 2437 4519 2538 4572; x_wconf 85' lang='lat' dir='ltr'>mit</span> <span class='ocrx_word' id='word_1_360' title='bbox 2564 4519 2865 4574; x_wconf 80' lang='lat' dir='ltr'>schwarzer</span> <span class='ocrx_word' id='word_1_361' title='bbox 2888 4519 3050 4573; x_wconf 79' lang='lat' dir='ltr'>Tinte</span> 
     </span>
    </p>
   </div>
   <div class='ocr_carea' id='block_1_8' title="bbox 492 4604 926 4675">
    <p class='ocr_par' dir='ltr' id='par_1_8' title="bbox 492 4604 926 4675">
     <span class='ocr_line' id='line_1_40' title="bbox 492 4604 926 4675; baseline 0.007 -19"><span class='ocrx_word' id='word_1_362' title='bbox 492 4604 926 4675; x_wconf 30' lang='lat' dir='ltr'>‘nachgetragein</span> 
     </span>
    </p>
   </div>
   <div class='ocr_carea' id='block_1_9' title="bbox 3234 536 3236 649">
    <p class='ocr_par' dir='ltr' id='par_1_9' title="bbox 3234 536 3236 683">
     <span class='ocr_line' id='line_1_41' title="bbox 3234 536 3236 649; baseline 0 0"><span class='ocrx_word' id='word_1_363' title='bbox 3234 536 3236 649; x_wconf 55' lang='grc' dir='ltr'>ψ</span> 
     </span>
    </p>
   </div>
   <div class='ocr_carea' id='block_1_10' title="bbox 3231 1680 3242 2316">
    <p class='ocr_par' dir='ltr' id='par_1_10' title="bbox 3231 1680 3242 2316">
     <span class='ocr_line' id='line_1_42' title="bbox 3231 1680 3242 2316; baseline 0 0"><span class='ocrx_word' id='word_1_364' title='bbox 3231 1680 3242 2316; x_wconf 95' lang='lat' dir='ltr'> </span> 
     </span>
    </p>
   </div>
   <div class='ocr_carea' id='block_1_11' title="bbox 3230 2597 3241 3623">
    <p class='ocr_par' dir='ltr' id='par_1_11' title="bbox 3230 2597 3241 3623">
     <span class='ocr_line' id='line_1_43' title="bbox 3230 2597 3241 3623; baseline 0 0"><span class='ocrx_word' id='word_1_365' title='bbox 3230 2597 3241 3623; x_wconf 95' lang='lat' dir='ltr'> </span> 
     </span>
    </p>
   </div>
  </div>
 </body>
</html>
