3242 5184
176 3439 292 3492 Fol.
337 3443 488 3492 113

1552 269 2040 344 ...mo-

689 444 815 509 Die
878 443 962 508 X.
1029 445 1269 508 mensis
1335 443 1677 529 Februarij
1747 445 1869 510 fuit
1927 450 2226 527 receptus
2289 444 2356 508 in
2422 445 2782 508 auditorem
2847 445 3067 528 palatij

523 553 834 633 magister
877 552 1202 617 Antonius
1248 550 1331 615 de
1378 551 1585 617 Ponte
1634 558 1701 617 et
1744 553 2001 617 iuravit.

699 640 825 722 Die
879 658 1098 723 XVII.
1146 659 1365 740 Martij
1433 658 1851 741 pontificatus
1908 659 2151 724 domini
2196 657 2449 723 Urbani
2513 680 2679 741 pape
2735 657 2849 722 VI.
2910 681 3072 723 anno

524 772 707 829 sexto
726 766 746 803 1
794 765 918 829 fuit
962 772 1262 849 receptus
1309 767 1620 847 magister
1657 766 1925 830 Andrea
1955 765 2157 830 Baret
2200 764 2283 828 de
2312 765 2554 847 Anglia
2599 766 2667 828 in
2715 765 3072 829 auditorem

523 873 755 956 palacij
808 878 874 937 et
919 874 1177 938 iuravit.

700 980 825 1044 Die
870 978 1053 1045 XVI.
1103 981 1350 1062 Aprilis
1406 1001 1575 1044 anno
1632 979 1922 1062 proxime
1980 978 2191 1044 dict-‚02
2247 978 2371 1043 fuit
2423 984 2724 1061 receptus
2771 979 3076 1062 magister

522 1085 804 1151 Thomas
851 1087 931 1151 de
986 1087 1388 1152 Ambrevilla
1430 1087 1596 1179 alias
1612 1085 1638 1124 3
1701 1085 1782 1151 de
1836 1085 2120 1150 Francia
2172 1086 2240 1149 in
2295 1086 2657 1152 auditorem
2712 1086 2949 1169 palacij
3017 1092 3078 1149 et

522 1193 778 1258 iuravit.
1217 1239 1221 1244 ·

701 1300 827 1364 Die
872 1299 1054 1365 XVI.
1089 1300 1244 1383 Maij
1297 1320 1465 1364 anno
1504 1298 1655 1364 VII.
1704 1298 2120 1382 pontificatus
2168 1298 2411 1364 domini
2456 1299 2709 1365 Urbani
2753 1299 2873 1365 VI.
2888 1300 2917 1338 4
2961 1299 3076 1364 fuit

523 1414 823 1490 receptus
870 1408 937 1470 in
983 1405 1346 1471 auditorem
1378 1407 1689 1488 magister
1718 1405 2002 1471 Thomas
2035 1407 2115 1471 de
2146 1405 2636 1489 Walkyugton
2618 1429 2686 1470 1n
2718 1407 3073 1472 auditorem

524 1514 759 1597 palacij
811 1519 878 1578 et
921 1513 1175 1577 iuravit.

702 1620 827 1684 Die
890 1618 1149 1684 XXIII.
1217 1621 1458 1685 mensis
1526 1620 1684 1704 Maij
1752 1620 2172 1704 pontificatus
2248 1619 2493 1685 domini
2556 1620 2767 1685 nostri
2831 1619 3072 1685 Urbani

525 1748 693 1809 pape
723 1725 854 1791 ‘'VI.
912 1746 1084 1792 anno
1129 1726 1322 1791 VIL⁵
1367 1727 1492 1791 fuit
1545 1734 1845 1810 receptus
1909 1728 1976 1790 in
2042 1727 2404 1793 auditorem
2466 1727 2701 1810 palacij
2771 1729 3074 1810 magister

526 1832 848 1898 Iohannes
897 1833 977 1897 de
1025 1832 1326 1898 Dulmen.
2398 1898 2406 1904 ,

703 1940 1024 2005 Dominus
1089 1946 1313 2004 noster
1375 1939 1680 2005 Urbanus
1745 1939 1862 2005 VI.
1929 1941 2011 2005 ad
2086 1941 2465 2006 instantiam
2543 1940 2788 2005 domini
2864 1940 3071 2006 fratris

523 2048 790 2130 Antonij
844 2047 1310 2130 archiepiscopi
1358 2046 1777 2112 Atheniensis
1823 2047 2164 2131 suspendit
2209 2048 2293 2112 ad
2340 2097 2356 2113 .
2393 2097 2407 2114 .
2445 2097 2458 2112 .
2476 2048 2502 2085 ⁶

702 2153 1021 2219 Dominus
1068 2160 1291 2218 noster
1334 2153 1634 2218 dominus
1666 2153 1970 2219 Urbanus
2017 2176 2190 2238 papa
2234 2154 2348 2219 VI.
2385 2155 2588 2219 Ianue
2635 2155 2896 2238 aperuit
2939 2175 3071 2236 gra-

516 2261 651 2325 ‹tias
697 2262 765 2325 in
809 2261 1018 2326 forma
1046 2282 1414 2344 pauperum
1444 2259 1533 2324 II.
1567 2260 1730 2325 Non.
1768 2260 2069 2326 Octobris
2106 2260 2524 2344 pontificatus
2557 2263 2660 2325 sui
2690 2284 2864 2326 anno
2897 2260 3069 2325 VIII.

527 2373 594 2431 et
637 2367 860 2450 voluit,
909 2367 1085 2451 quod
1132 2366 1442 2456 durarent
1487 2388 1604 2449 per
1649 2389 1850 2431 unum
1905 2389 2195 2433 mensem
2240 2389 2318 2433 ac
2364 2369 2561 2433 etiam
2608 2369 2786 2451 quod
2833 2369 3072 2452 possint·

528 2474 791 2539 concedi
837 2474 1156 2539 beneficia
1199 2474 1499 2539 vacantia
1545 2473 1629 2537 ad
1676 2494 1995 2538 summam
2039 2475 2474 2557 quadraginta
2518 2475 2930 2541 florenorum.
3067 2544 3071 2549 ,

703 2581 890 2646 Item
919 2581 1180 2646 easdem
1226 2582 1469 2663 gratias
1516 2581 1773 2662 aperuit
1816 2580 1901 2645 X.
1949 2581 2098 2646 Kal.
2147 2582 2527 2647 Decembris
2574 2582 2924 2648 duraturas
2968 2603 3073 2666 per

526 2708 728 2751 unum
776 2706 1086 2752 mensem.

703 2794 1020 2858 Dominus
1076 2801 1297 2858 noster
1359 2795 1659 2859 dominus
1724 2794 2028 2860 Urbanus
2092 2817 2264 2878 papa
2287 2860 2296 2871 ,
2319 2795 2432 2862 VI.
2492 2799 2751 2880 aperuit
2814 2796 3071 2881 Neapoli

526 2901 768 2981 gratias
827 2901 895 2964 in
949 2901 1160 2966 forma
1217 2923 1576 2984 pauperum
1622 2900 1712 2966 Π.
1760 2886 1909 2966 Κ31.
1958 2901 2241 2984 Ianuarij
2293 2904 2709 2986 pontificatus
2759 2907 2862 2970 sui
2915 2924 3069 2969 anno

528 3013 709 3071 sexto
767 3015 833 3072 et
895 3008 1127 3090 voluit,
1188 3007 1362 3090 quod
1418 3007 1730 3074 durarent
1783 3029 1990 3092 usque
2037 3010 2120 3074 ad
2167 3016 2460 3075 octavam
2515 3010 2884 3095 Epiphanie
2928 3018 3087 3075 tunc·

526 3117 816 3197 proxime
864 3116 1213 3199 sequentia

704 3222 871 3287 Item
925 3221 1155 3288 XIIII.
1203 3222 1351 3286 Kal.
1408 3221 1750 3306 Februarij
1819 3223 2023 3288 Ianue
2085 3226 2343 3307 aperuit
2405 3227 2682 3341 gratiam
2747 3226 2816 3289 in
2881 3225 3069 3289 forma

528 3350 888 3411 pauperum
936 3330 1315 3394 duraturam
1363 3328 1445 3392 ad
1492 3351 1693 3393 unum
1739 3351 2047 3395 mensem.

710 3441 735 3520 ΙΙ
770 3436 1088 3501 Dominus
1135 3442 1365 3501 noster
1421 3428 1746 3500 (10111111113
1765 3437 2131 3502 Bonifatius
2195 3458 2367 3521 papa
2413 3436 2634 3504 VIIII.
2683 3438 2851 3504 dixit
2893 3435 3066 3502 michi

529 3542 642 3607 VI.
690 3543 854 3607 Non.
903 3542 1059 3625 Maij
1109 3542 1524 3625 pontificatus
1581 3544 1681 3606 sui
1737 3566 1907 3610 anno
1963 3545 2218 3627 quint0,
2266 3546 2441 3627 quod
2495 3546 2678 3628 31133,
2737 3552 3063 3628 antequam

526 3650 655 3714 —iret
683 3650 1050 3730 Perusium,
1083 3648 1329 3714 fecerat
1358 3651 1684 3714 notarium
1718 3672 1907 3715 suum
1937 3653 2320 3734 magistrum
2340 3653 2679 3718 Nicolaum
2690 3652 3063 3718 Caffatinum

529 3756 610 3820 de
656 3756 957 3839 Neapoli,
1006 3756 1160 3820 licet
1205 3756 1571 3837 absentem,
1620 3762 1690 3820 et
1732 3757 1905 3839 quod
1954 3758 2346 3823 scriberetur
2392 3761 2474 3824 ad
2520 3760 2781 3842 librum,
2830 3766 2895 3825 et
2935 3758 3060 3822 ideo

528 3863 634 3926 hic
681 3864 910 3945 scripsi
959 3884 1095 3946 eg0.
1188 3862 1265 3927 B.
1315 3862 1670 3928 Francisci.

707 3970 831 4034 Die
876 3969 1095 4034 XVII.
1145 3969 1383 4039 mensis
1430 3969 1720 4053 Ianuarij
1770 3971 1862 4035 ‘de
1916 3972 2223 4036 mandato
2269 3972 2545 4056 predicti
2591 3975 2833 4039 domini
2877 3967 3059 4036 nostri

528 4076 652 4140 fuit
714 4082 1014 4159 receptus
1079 4097 1196 4158 per
1253 4097 1361 4140 me
1424 4076 1500 4141 B.
1569 4076 1905 4144 Francisci
1976 4080 2045 4143 in
2118 4079 2502 4145 advocatum
2576 4077 3060 4146 consistorialem

711 4363 728 4393 ¹
767 4349 1279 4433 Ubergeschrieben
1317 4380 1427 4417 von
1464 4363 1755 4418 derselben
1791 4364 1977 4419 Hand.
2102 4366 2124 4397 2
2160 4354 2672 4437 Ubergeschrieben
2707 4383 2814 4421 von
2847 4361 3054 4418 auderet

531 4451 717 4506 Hand.
846 4451 868 4482 ³
904 4452 973 4505 de
998 4451 1126 4504 Am.
1152 4451 1224 4505 31.
1264 4468 1374 4506 von
1411 4452 1705 4507 derselben
1741 4453 1909 4508 Hand
1948 4454 2464 4525 iibergeschrieben.
2591 4455 2614 4487 ⁴
2648 4456 2755 4509 An.
2782 4452 2901 4508 VH.
2918 4452 3050 4520 pont

531 4541 676 4594 dom.
692 4540 787 4595 -U.
828 4540 923 4595 VI.
962 4556 1072 4596 vnn
1108 4541 1342 4605 anderer
1379 4540 1548 4602 Hand,
1584 4542 2101 4613 iibergeschrieben.
2319 4545 2340 4575 ⁵
2392 4545 2540 4601 Ann.
2559 4550 2568 4559 '
2589 4544 2721 4599 VH.
2775 4543 2879 4597 von
2929 4538 3049 4590 ders·

532 4629 700 4683 Hand
736 4629 1248 4699 iibergeschrieben.
1466 4632 1489 4662 ⁶
1524 4631 1872 4686 Absichtlich
1910 4632 2218 4688 verwischt.
