3242 5184
1239 268 1337 294 ·—
1432 249 1549 312 181
1647 289 1739 295 —

389 421 490 486 De
512 422 921 489 absolutione
940 424 1178 507 prelati
1207 446 1247 490 a
1265 426 1629 490 iuramento
1649 426 1920 509 prestito
1942 424 2022 490 de
2049 425 2379 490 liminibus
2400 425 2761 491 visitandis

385 527 484 593 De
554 528 758 595 offitio
821 530 1320 613 tabellionatus,
1380 533 1434 596 si
1497 531 1891 597 concedatur
1949 532 2049 597 vel
2110 532 2556 598 committatur
2615 554 2761 599 con-

219 633 585 700 cedendum.

379 740 482 806 De
549 742 815 809 licentia
876 746 1274 831 percipiendi
1340 747 1586 811 fructus
1653 768 1772 830 pro
1839 746 2138 813 studente
2195 748 2264 811 in
2321 746 2647 831 theologia
2694 748 2763 812 in

213 847 502 915 Romana
548 851 749 916 curia.

375 956 480 1022 De
530 960 945 1025 concessione
990 959 1183 1046 offioij
1235 961 1572 1044 scriptorie
1618 960 1719 1026 vel
1765 960 2235 1045 penitenciarij.

373 1063 510 1130 Pro
558 1067 849 1149 qualibet
892 1067 1193 1134 videlicet
1237 1073 1392 1133 nota
1421 1067 1859 1152 predictarum
1890 1067 2373 1152 precedentium
2406 1089 2519 1132 sex
2555 1067 2760 1133 Turo-

209 1172 499 1237 nensium
547 1174 856 1239 similium
903 1176 1034 1251 sint
1076 1176 1446 1259 receptione
1493 1175 1800 1240 contenti.

370 1278 478 1344 De
526 1280 937 1364 indulgencia
980 1303 1130 1347 vero
1177 1304 1293 1366 pro
1339 1282 1819 1366 porrigentibus
1859 1281 1960 1347 vel
1999 1282 2412 1348 visitantibus
2461 1262 2760 1347 similiter

204 1383 368 1450 ultra
416 1386 765 1453 duodecim
812 1389 1054 1455 similes
1099 1411 1229 1454 non
1274 1389 1595 1474 recipiant
1639 1389 2068 1455 Turonenses.

370 1493 478 1558 De
525 1495 943 1561 visitantibus
990 1517 1108 1581 per
1153 1517 1242 1561 se.

368 1600 476 1666 De
523 1602 1003 1686 porrigentibus
1050 1604 1250 1669 etiam
1296 1623 1412 1687 per
1457 1624 1547 1668 se.
1627 1686 1636 1693 ‚

367 1707 474 1773 De
523 1708 839 1775 fructibus
886 1709 1319 1794 percipiendis
1366 1710 1434 1774 in
1467 1708 1792 1775 absencia.

369 1814 477 1880 De
523 1818 980 1900 prorogatione
1027 1817 1533 1883 consecrationis
1581 1838 1697 1882 seu
1743 1815 2040 1881 ordinum
2089 1816 2386 1901 simplici.

368 1920 565 2004 Quod
625 1946 860 1989 munus
923 1923 1427 1989 consecrationis
1504 1944 1618 1988 seu
1681 1922 2150 1988 benedictionis
2212 1923 2624 2006 impendatur
2683 1926 2751 1988 in

194 2030 515 2109 partibus.

366 2137 472 2203 De
505 2161 636 2203 una
665 2138 767 2205 vel
797 2138 1090 2223 pluribus
1123 2140 1416 2223 personis
1449 2136 1765 2221 ponendis
1798 2158 1913 2203 seu
1943 2136 2329 2221 recipiendis
2359 2137 2428 2201 in
2459 2137 2749 2221 ecclesijs

194 2241 324 2308 sive
370 2246 811 2329 monasteriis
1450 2304 1455 2308 .
1755 2324 1758 2327 Ι

369 2351 586 2437 Super
633 2352 889 2418 defectu
935 2352 1251 2418 natalium
1297 2351 1382 2417 ad
1428 2351 1686 2417 ordines
1735 2358 1801 2416 et
1845 2350 2175 2416 beneficia.

369 2465 395 2543 ΙΙ
422 2459 522 2524 De
555 2459 863 2526 facultate
893 2480 1009 2543 per
1038 2459 1236 2525 alium
1283 2458 1588 2524 visitandi
1636 2464 1702 2524 et
1746 2458 2099 2542 recipiendi
2144 2460 2633 2542 procurationes
2680 2460 2747 2523 in
2802 2466 2921 2522 Fol.
2945 2472 3012 2521 94
3024 2468 3064 2520 ¹³.

190 2567 466 2644 pecunia
511 2572 869 2632 numerata.

364 2672 470 2738 De
519 2673 1000 2758 dispensatione
1042 2694 1237 2758 super
1281 2673 1691 2738 matrimonio
1734 2677 2064 2738 contracto
2106 2672 2384 2738 scienter
2420 2673 2521 2739 vel
2565 2673 2743 2757 igno-

186 2785 411 2844 ranter
457 2780 558 2846 vel
606 2782 803 2845 etiam
850 2780 1308 2846 contrahenda

364 2887 471 2951 De
515 2888 954 2953 reservatione
1001 2888 1272 2953 ecclesie
1319 2886 1713 2953 cathedralis
1760 2888 1860 2952 vel
1907 2885 2227 2970 beneficij.

364 2994 469 3059 De
519 2994 790 3061 dicendo
831 2995 1119 3060 divinum
1165 2993 1447 3059 officium
1493 2994 1678 3060 iuxta
1721 3015 1966 3059 morem
1997 2993 2364 3059 Romanum
2410 2993 2509 3059 vel
2556 2994 2740 3059 alias,

363 3101 467 3166 De
514 3099 1004 3166 confirmatione
1050 3101 1336 3184 benefitij
1389 3122 1466 3165 ex
1513 3107 1692 3166 certa
1738 3101 2011 3167 scientia
2053 3101 2153 3166 vel
2195 3100 2369 3184 quod
2416 3101 2576 3184 quis
2610 3123 2740 3167 non

183 3209 391 3286 possit
439 3210 787 3274 ammoveri
834 3231 874 3274 a
918 3210 1229 3292 prioratu,

366 3313 556 3397 Quod
605 3337 857 3381 sorores
922 3316 1023 3380 vel
1086 3314 1320 3381 fratres
1387 3314 1661 3381 alicuius
1727 3315 2097 3398 monasterij
2167 3313 2495 3397 gaudeant
2548 3315 2740 3399 privi-

188 3416 378 3506 legijs
427 3422 695 3487 alterius
742 3423 1140 3506 monasterij.
2430 3443 2435 3448 ·

362 3528 554 3612 Quod
615 3528 819 3595 abbas
874 3530 975 3595 vel
1031 3529 1370 3596 abbatissa
1415 3550 1544 3594 non
1598 3535 1944 3595 teneantur
1999 3528 2244 3594 solvere
2300 3527 2584 3594 decimas
2639 3528 2740 3594 vel

186 3635 490 3703 collectas
539 3657 654 3702 seu
700 3636 864 3702 alias
910 3638 1310 3703 exacciones.

360 3743 462 3809 De
509 3764 736 3809 securo
785 3742 1126 3809 conductu.

360 3850 462 3915 De
508 3851 1007 3933 conservatoria,
1056 3871 1182 3934 que
1228 3852 1482 3936 incipit:
1534 3850 2045 3933 ‚‚Frequentes“.

360 3957 462 4023 De
508 3958 989 4023 conservatoria
1034 3959 1101 4022 in
1148 3958 1355 4023 forma
1402 3958 1652 4042 concilij
1705 3956 2112 4023 Viennensis.

361 4064 492 4130 Pro
540 4064 834 4147 qualibet
877 4064 1178 4130 videlicet
1221 4071 1523 4131 notarum
1568 4065 2009 4150 predictarum
2050 4065 2346 4130 similiter
2375 4063 2551 4128 ultra
2583 4062 2734 4128 duo-

186 4168 392 4237 decim
438 4170 848 4237 Turonenses
895 4193 1027 4236 non
1072 4172 1405 4256 recipiant.

357 4278 458 4344 De
504 4278 769 4344 licentia
823 4300 1082 4362 quoque
1128 4279 1410 4344 testandi
1465 4279 1638 4345 ultra
1684 4278 1908 4345 decem
1954 4300 2081 4343 non
2128 4279 2447 4363 recipiant
2492 4276 2734 4342 similes

186 4380 609 4451 Turonenses.

356 4490 458 4557 De
520 4492 889 4578 recipiendo
953 4493 1453 4576 resignationem
1518 4493 1618 4557 vel
1682 4513 1759 4557 ex
1824 4514 2024 4558 causa
2077 4492 2570 4577 permutationis
2633 4491 2734 4556 vel

188 4596 560 4691 simpliciter
603 4606 860 4674 tantum
905 4600 1128 4672 decem
1175 4598 1585 4671 Turonenses
1636 4599 1933 4671 similiter
1976 4601 2265 4687 recipere
2310 4599 2578 4687 possint.
