<?xml version="1.0" encoding="UTF-8"?>
<!DOCTYPE html PUBLIC "-//W3C//DTD XHTML 1.0 Transitional//EN"
    "http://www.w3.org/TR/xhtml1/DTD/xhtml1-transitional.dtd">
<html xmlns="http://www.w3.org/1999/xhtml" xml:lang="en" lang="en">
 <head>
  <title>
</title>
<meta http-equiv="Content-Type" content="text/html;charset=utf-8" />
  <meta name='ocr-system' content='tesseract 3.04.00' />
  <meta name='ocr-capabilities' content='ocr_page ocr_carea ocr_par ocr_line ocrx_word'/>
</head>
<body>
  <div class='ocr_page' id='page_1' title='image "./derlibercancell00dietgoog_0128.png"; bbox 0 0 3242 5184; ppageno 0'>
   <div class='ocr_carea' id='block_1_1' title="bbox 162 2380 438 2434">
    <p class='ocr_par' dir='ltr' id='par_1_1' title="bbox 162 2380 438 2434">
     <span class='ocr_line' id='line_1_1' title="bbox 162 2380 438 2434; baseline 0 -2"><span class='ocrx_word' id='word_1_1' title='bbox 162 2380 279 2434; x_wconf 85' lang='lat' dir='ltr'>Fol.</span> <span class='ocrx_word' id='word_1_2' title='bbox 321 2384 387 2432; x_wconf 87' lang='lat'>33</span> <span class='ocrx_word' id='word_1_3' title='bbox 401 2386 438 2432; x_wconf 77' lang='lat'>⁸.</span> 
     </span>
    </p>
   </div>
   <div class='ocr_carea' id='block_1_2' title="bbox 1581 299 1971 379">
    <p class='ocr_par' dir='ltr' id='par_1_2' title="bbox 1581 299 1971 379">
     <span class='ocr_line' id='line_1_2' title="bbox 1581 299 1971 379; baseline 0 -37"><span class='ocrx_word' id='word_1_4' title='bbox 1581 299 1971 379; x_wconf 54' lang='lat'>„60-</span> 
     </span>
    </p>
   </div>
   <div class='ocr_carea' id='block_1_3' title="bbox 479 472 3054 2139">
    <p class='ocr_par' dir='ltr' id='par_1_3' title="bbox 479 472 3054 2139">
     <span class='ocr_line' id='line_1_3' title="bbox 482 472 3052 557; baseline -0.002 -18"><span class='ocrx_word' id='word_1_5' title='bbox 482 496 606 557; x_wconf 88' lang='lat' dir='ltr'>que</span> <span class='ocrx_word' id='word_1_6' title='bbox 653 474 1005 540; x_wconf 80' lang='lat' dir='ltr'>coabbates</span> <span class='ocrx_word' id='word_1_7' title='bbox 1056 479 1121 537; x_wconf 95' lang='lat' dir='ltr'>et</span> <span class='ocrx_word' id='word_1_8' title='bbox 1167 480 1517 538; x_wconf 89' lang='lat' dir='ltr'>conventus</span> <span class='ocrx_word' id='word_1_9' title='bbox 1565 479 1685 537; x_wconf 92' lang='lat' dir='ltr'>etc.</span> <span class='ocrx_word' id='word_1_10' title='bbox 1766 472 1975 536; x_wconf 88' lang='lat' dir='ltr'>Item1</span> <span class='ocrx_word' id='word_1_11' title='bbox 2016 521 2030 536; x_wconf 91' lang='lat'><strong>.</strong></span> <span class='ocrx_word' id='word_1_12' title='bbox 2075 521 2088 536; x_wconf 91' lang='lat'><strong>.</strong></span> <span class='ocrx_word' id='word_1_13' title='bbox 2130 472 2631 557; x_wconf 79' lang='lat' dir='ltr'>archiepiscopis</span> <span class='ocrx_word' id='word_1_14' title='bbox 2678 478 2801 537; x_wconf 91' lang='lat' dir='ltr'>etc.</span> <span class='ocrx_word' id='word_1_15' title='bbox 2853 477 2923 538; x_wconf 93' lang='lat' dir='ltr'>et</span> <span class='ocrx_word' id='word_1_16' title='bbox 2964 521 2977 536; x_wconf 91' lang='lat'><strong>.</strong></span> <span class='ocrx_word' id='word_1_17' title='bbox 3036 522 3052 535; x_wconf 94' lang='lat'><strong>.</strong></span> 
     </span>
     <span class='ocr_line' id='line_1_4' title="bbox 482 577 3054 664; baseline -0.002 -17"><span class='ocrx_word' id='word_1_18' title='bbox 482 580 851 664; x_wconf 88' lang='lat' dir='ltr'>abbatibus,</span> <span class='ocrx_word' id='word_1_19' title='bbox 899 579 1225 664; x_wconf 86' lang='lat' dir='ltr'>prioribus</span> <span class='ocrx_word' id='word_1_20' title='bbox 1259 586 1379 645; x_wconf 91' lang='lat' dir='ltr'>etc.</span> <span class='ocrx_word' id='word_1_21' title='bbox 1475 578 1636 644; x_wconf 86' lang='lat' dir='ltr'>Cum</span> <span class='ocrx_word' id='word_1_22' title='bbox 1684 579 1956 644; x_wconf 88' lang='lat' dir='ltr'>abbates</span> <span class='ocrx_word' id='word_1_23' title='bbox 1990 579 2434 644; x_wconf 88' lang='lat' dir='ltr'>Cisterciensis</span> <span class='ocrx_word' id='word_1_24' title='bbox 2468 577 2711 644; x_wconf 86' lang='lat' dir='ltr'>ordinis</span> <span class='ocrx_word' id='word_1_25' title='bbox 2748 584 3054 662; x_wconf 90' lang='lat' dir='ltr'>tempore</span> 
     </span>
     <span class='ocr_line' id='line_1_5' title="bbox 480 684 3053 771; baseline -0.001 -19"><span class='ocrx_word' id='word_1_26' title='bbox 480 687 799 771; x_wconf 91' lang='lat' dir='ltr'>generalis</span> <span class='ocrx_word' id='word_1_27' title='bbox 865 687 1118 771; x_wconf 90' lang='lat' dir='ltr'>concilij</span> <span class='ocrx_word' id='word_1_28' title='bbox 1183 691 1303 752; x_wconf 91' lang='lat' dir='ltr'>etc.</span> <span class='ocrx_word' id='word_1_29' title='bbox 1398 684 1608 750; x_wconf 84' lang='lat' dir='ltr'>Item2</span> <span class='ocrx_word' id='word_1_30' title='bbox 1665 684 1891 750; x_wconf 89' lang='lat' dir='ltr'>abbati</span> <span class='ocrx_word' id='word_1_31' title='bbox 1939 684 2232 769; x_wconf 87' lang='lat' dir='ltr'>Cistercij</span> <span class='ocrx_word' id='word_1_32' title='bbox 2296 687 2562 769; x_wconf 84' lang='lat' dir='ltr'>eiusque</span> <span class='ocrx_word' id='word_1_33' title='bbox 2610 685 3053 751; x_wconf 76' lang='lat' dir='ltr'>coabbatibus</span> 
     </span>
     <span class='ocr_line' id='line_1_6' title="bbox 481 791 3051 877; baseline -0.001 -17"><span class='ocrx_word' id='word_1_34' title='bbox 481 801 546 860; x_wconf 92' lang='lat' dir='ltr'>et</span> <span class='ocrx_word' id='word_1_35' title='bbox 593 794 1014 860; x_wconf 91' lang='lat' dir='ltr'>conventibus</span> <span class='ocrx_word' id='word_1_36' title='bbox 1053 800 1173 859; x_wconf 92' lang='lat' dir='ltr'>etc.</span> <span class='ocrx_word' id='word_1_37' title='bbox 1269 792 1430 857; x_wconf 87' lang='lat' dir='ltr'>Cum</span> <span class='ocrx_word' id='word_1_38' title='bbox 1478 814 1518 857; x_wconf 90' lang='lat' dir='ltr'>a</span> <span class='ocrx_word' id='word_1_39' title='bbox 1564 791 1751 857; x_wconf 91' lang='lat' dir='ltr'>nobis</span> <span class='ocrx_word' id='word_1_40' title='bbox 1798 793 2042 875; x_wconf 91' lang='lat' dir='ltr'>petitur</span> <span class='ocrx_word' id='word_1_41' title='bbox 2075 799 2197 857; x_wconf 90' lang='lat' dir='ltr'>etc.</span> <span class='ocrx_word' id='word_1_42' title='bbox 2290 792 2392 856; x_wconf 85' lang='lat' dir='ltr'>Ex</span> <span class='ocrx_word' id='word_1_43' title='bbox 2436 799 2625 877; x_wconf 88' lang='lat' dir='ltr'>parte</span> <span class='ocrx_word' id='word_1_44' title='bbox 2672 794 2727 858; x_wconf 93' lang='lat' dir='ltr'>si</span> <span class='ocrx_word' id='word_1_45' title='bbox 2774 793 3051 876; x_wconf 88' lang='lat' dir='ltr'>quidem</span> 
     </span>
     <span class='ocr_line' id='line_1_7' title="bbox 479 899 3052 983; baseline -0 -17"><span class='ocrx_word' id='word_1_46' title='bbox 479 907 698 967; x_wconf 89' lang='lat' dir='ltr'>vestra</span> <span class='ocrx_word' id='word_1_47' title='bbox 762 906 905 965; x_wconf 83' lang='lat' dir='ltr'>etc..</span> <span class='ocrx_word' id='word_1_48' title='bbox 950 899 1124 983; x_wconf 91' lang='lat' dir='ltr'>quod</span> <span class='ocrx_word' id='word_1_49' title='bbox 1185 899 1475 965; x_wconf 75' lang='lat' dir='ltr'>nonnulli</span> <span class='ocrx_word' id='word_1_50' title='bbox 1543 899 1962 964; x_wconf 90' lang='lat' dir='ltr'>ecclesiarum</span> <span class='ocrx_word' id='word_1_51' title='bbox 2027 899 2262 982; x_wconf 88' lang='lat' dir='ltr'>prelati</span> <span class='ocrx_word' id='word_1_52' title='bbox 2328 901 2563 965; x_wconf 89' lang='lat' dir='ltr'>vestris</span> <span class='ocrx_word' id='word_1_53' title='bbox 2622 900 3052 965; x_wconf 76' lang='lat' dir='ltr'>libertatibus</span> 
     </span>
     <span class='ocr_line' id='line_1_8' title="bbox 480 1004 3052 1089; baseline 0 -18"><span class='ocrx_word' id='word_1_54' title='bbox 480 1007 842 1078; x_wconf 77' lang='lat' dir='ltr'>invidentes</span> <span class='ocrx_word' id='word_1_55' title='bbox 891 1013 1012 1072; x_wconf 91' lang='lat' dir='ltr'>etc.</span> <span class='ocrx_word' id='word_1_56' title='bbox 1116 1006 1332 1071; x_wconf 80' lang='lat' dir='ltr'>Item3</span> <span class='ocrx_word' id='word_1_57' title='bbox 1371 1056 1384 1070; x_wconf 91' lang='lat'><strong>.</strong></span> <span class='ocrx_word' id='word_1_58' title='bbox 1429 1056 1443 1070; x_wconf 91' lang='lat'><strong>.</strong></span> <span class='ocrx_word' id='word_1_59' title='bbox 1485 1004 1711 1071; x_wconf 92' lang='lat' dir='ltr'>abbati</span> <span class='ocrx_word' id='word_1_60' title='bbox 1775 1004 2070 1089; x_wconf 84' lang='lat' dir='ltr'>Cistercij</span> <span class='ocrx_word' id='word_1_61' title='bbox 2141 1007 2409 1089; x_wconf 92' lang='lat' dir='ltr'>eiusque</span> <span class='ocrx_word' id='word_1_62' title='bbox 2477 1006 2908 1073; x_wconf 79' lang='lat' dir='ltr'>coabbatibus</span> <span class='ocrx_word' id='word_1_63' title='bbox 2979 1012 3052 1072; x_wconf 90' lang='lat' dir='ltr'>et</span> 
     </span>
     <span class='ocr_line' id='line_1_9' title="bbox 481 1111 3047 1197; baseline -0.001 -18"><span class='ocrx_word' id='word_1_64' title='bbox 481 1114 900 1181; x_wconf 90' lang='lat' dir='ltr'>conventibus</span> <span class='ocrx_word' id='word_1_65' title='bbox 948 1119 1067 1178; x_wconf 91' lang='lat' dir='ltr'>etc.</span> <span class='ocrx_word' id='word_1_66' title='bbox 1163 1111 1343 1178; x_wconf 87' lang='lat' dir='ltr'>Solet</span> <span class='ocrx_word' id='word_1_67' title='bbox 1388 1134 1671 1178; x_wconf 89' lang='lat' dir='ltr'>annuere</span> <span class='ocrx_word' id='word_1_68' title='bbox 1719 1119 1840 1177; x_wconf 90' lang='lat' dir='ltr'>etc.</span> <span class='ocrx_word' id='word_1_69' title='bbox 1935 1112 2304 1197; x_wconf 88' lang='lat' dir='ltr'>Eapropter</span> <span class='ocrx_word' id='word_1_70' title='bbox 2360 1119 2481 1179; x_wconf 88' lang='lat' dir='ltr'>etc.</span> <span class='ocrx_word' id='word_1_71' title='bbox 2559 1135 2780 1179; x_wconf 91' lang='lat' dir='ltr'>omnes</span> <span class='ocrx_word' id='word_1_72' title='bbox 2844 1113 3047 1178; x_wconf 91' lang='lat' dir='ltr'>liber-</span> 
     </span>
     <span class='ocr_line' id='line_1_10' title="bbox 480 1219 3046 1304; baseline 0 -19"><span class='ocrx_word' id='word_1_73' title='bbox 480 1226 649 1286; x_wconf 86' lang='lat' dir='ltr'>tates</span> <span class='ocrx_word' id='word_1_74' title='bbox 699 1226 764 1286; x_wconf 92' lang='lat' dir='ltr'>et</span> <span class='ocrx_word' id='word_1_75' title='bbox 808 1221 1252 1285; x_wconf 88' lang='lat' dir='ltr'>immunitates</span> <span class='ocrx_word' id='word_1_76' title='bbox 1286 1225 1405 1284; x_wconf 91' lang='lat' dir='ltr'>etc.</span> <span class='ocrx_word' id='word_1_77' title='bbox 1489 1219 1702 1284; x_wconf 80' lang='lat' dir='ltr'>Item4</span> <span class='ocrx_word' id='word_1_78' title='bbox 1741 1271 1753 1285; x_wconf 94' lang='lat'><strong>.</strong></span> <span class='ocrx_word' id='word_1_79' title='bbox 1799 1270 1812 1284; x_wconf 93' lang='lat'><strong><em>.</em></strong></span> <span class='ocrx_word' id='word_1_80' title='bbox 1853 1220 2078 1284; x_wconf 87' lang='lat' dir='ltr'>abbati</span> <span class='ocrx_word' id='word_1_81' title='bbox 2111 1219 2404 1304; x_wconf 85' lang='lat' dir='ltr'>Cistercij</span> <span class='ocrx_word' id='word_1_82' title='bbox 2457 1220 2724 1304; x_wconf 89' lang='lat' dir='ltr'>eiusque</span> <span class='ocrx_word' id='word_1_83' title='bbox 2757 1219 3046 1285; x_wconf 89' lang='lat' dir='ltr'>coabba-</span> 
     </span>
     <span class='ocr_line' id='line_1_11' title="bbox 479 1326 3040 1409; baseline 0 -18"><span class='ocrx_word' id='word_1_84' title='bbox 479 1328 654 1392; x_wconf 85' lang='lat' dir='ltr'>tibus</span> <span class='ocrx_word' id='word_1_85' title='bbox 703 1333 822 1392; x_wconf 91' lang='lat' dir='ltr'>etc.</span> <span class='ocrx_word' id='word_1_86' title='bbox 925 1326 1282 1409; x_wconf 86' lang='lat' dir='ltr'>Religionis</span> <span class='ocrx_word' id='word_1_87' title='bbox 1336 1331 1548 1392; x_wconf 87' lang='lat' dir='ltr'>vestre</span> <span class='ocrx_word' id='word_1_88' title='bbox 1597 1332 1718 1391; x_wconf 90' lang='lat' dir='ltr'>etc.</span> <span class='ocrx_word' id='word_1_89' title='bbox 1824 1326 1993 1391; x_wconf 86' lang='lat' dir='ltr'>Sane</span> <span class='ocrx_word' id='word_1_90' title='bbox 2047 1327 2435 1392; x_wconf 87' lang='lat' dir='ltr'>tenuitatem</span> <span class='ocrx_word' id='word_1_91' title='bbox 2482 1333 2605 1392; x_wconf 91' lang='lat' dir='ltr'>etc.</span> <span class='ocrx_word' id='word_1_92' title='bbox 2711 1326 2923 1392; x_wconf 82' lang='lat' dir='ltr'>Item⁵</span> <span class='ocrx_word' id='word_1_93' title='bbox 2966 1376 2981 1391; x_wconf 89' lang='lat'><strong>.</strong></span> <span class='ocrx_word' id='word_1_94' title='bbox 3025 1376 3040 1391; x_wconf 91' lang='lat'><strong>.</strong></span> 
     </span>
     <span class='ocr_line' id='line_1_12' title="bbox 481 1420 3041 1517; baseline -0 -18"><span class='ocrx_word' id='word_1_95' title='bbox 481 1420 705 1500; x_wconf 88' lang='lat' dir='ltr'>abbati</span> <span class='ocrx_word' id='word_1_96' title='bbox 753 1432 1043 1517; x_wconf 86' lang='lat' dir='ltr'>Cistercij</span> <span class='ocrx_word' id='word_1_97' title='bbox 1096 1434 1360 1515; x_wconf 90' lang='lat' dir='ltr'>eiusque</span> <span class='ocrx_word' id='word_1_98' title='bbox 1409 1433 1835 1498; x_wconf 88' lang='lat' dir='ltr'>coabbatibus</span> <span class='ocrx_word' id='word_1_99' title='bbox 1869 1437 1987 1498; x_wconf 90' lang='lat' dir='ltr'>etc.</span> <span class='ocrx_word' id='word_1_100' title='bbox 2066 1433 2268 1498; x_wconf 91' lang='lat' dir='ltr'>Iustis</span> <span class='ocrx_word' id='word_1_101' title='bbox 2313 1434 2674 1517; x_wconf 92' lang='lat' dir='ltr'>petentium</span> <span class='ocrx_word' id='word_1_102' title='bbox 2707 1439 2826 1498; x_wconf 90' lang='lat' dir='ltr'>etc.</span> <span class='ocrx_word' id='word_1_103' title='bbox 2906 1432 3041 1498; x_wconf 87' lang='lat' dir='ltr'>Ea-</span> 
     </span>
     <span class='ocr_line' id='line_1_13' title="bbox 479 1539 3040 1624; baseline -0.001 -18"><span class='ocrx_word' id='word_1_104' title='bbox 479 1545 744 1624; x_wconf 89' lang='lat' dir='ltr'>propter</span> <span class='ocrx_word' id='word_1_105' title='bbox 775 1545 895 1605; x_wconf 91' lang='lat' dir='ltr'>etc.</span> <span class='ocrx_word' id='word_1_106' title='bbox 944 1546 1019 1605; x_wconf 90' lang='lat' dir='ltr'>ut</span> <span class='ocrx_word' id='word_1_107' title='bbox 1062 1540 1130 1604; x_wconf 92' lang='lat' dir='ltr'>in</span> <span class='ocrx_word' id='word_1_108' title='bbox 1173 1539 1533 1623; x_wconf 84' lang='lat' dir='ltr'>parrochijs</span> <span class='ocrx_word' id='word_1_109' title='bbox 1581 1540 1712 1604; x_wconf 90' lang='lat' dir='ltr'>illis</span> <span class='ocrx_word' id='word_1_110' title='bbox 1756 1546 1877 1605; x_wconf 88' lang='lat' dir='ltr'>etc.</span> <span class='ocrx_word' id='word_1_111' title='bbox 1969 1539 2138 1605; x_wconf 89' lang='lat' dir='ltr'>Item</span> <span class='ocrx_word' id='word_1_112' title='bbox 2180 1589 2192 1604; x_wconf 93' lang='lat'><strong>.</strong></span> <span class='ocrx_word' id='word_1_113' title='bbox 2237 1590 2250 1605; x_wconf 90' lang='lat'><strong>.</strong></span> <span class='ocrx_word' id='word_1_114' title='bbox 2293 1540 2627 1606; x_wconf 88' lang='lat' dir='ltr'>abbatisse</span> <span class='ocrx_word' id='word_1_115' title='bbox 2674 1547 2741 1607; x_wconf 95' lang='lat' dir='ltr'>et</span> <span class='ocrx_word' id='word_1_116' title='bbox 2779 1591 2792 1605; x_wconf 88' lang='lat'><strong>.</strong></span> <span class='ocrx_word' id='word_1_117' title='bbox 2836 1591 2851 1605; x_wconf 90' lang='lat'><strong>.</strong></span> <span class='ocrx_word' id='word_1_118' title='bbox 2887 1563 3040 1606; x_wconf 90' lang='lat' dir='ltr'>con-</span> 
     </span>
     <span class='ocr_line' id='line_1_14' title="bbox 479 1647 3039 1731; baseline 0 -20"><span class='ocrx_word' id='word_1_119' title='bbox 479 1648 698 1711; x_wconf 92' lang='lat' dir='ltr'>ventui</span> <span class='ocrx_word' id='word_1_120' title='bbox 745 1653 865 1711; x_wconf 88' lang='lat' dir='ltr'>etc.</span> <span class='ocrx_word' id='word_1_121' title='bbox 967 1647 1219 1712; x_wconf 91' lang='lat' dir='ltr'>Meritis</span> <span class='ocrx_word' id='word_1_122' title='bbox 1276 1668 1459 1711; x_wconf 88' lang='lat' dir='ltr'>sacre</span> <span class='ocrx_word' id='word_1_123' title='bbox 1513 1647 1841 1729; x_wconf 86' lang='lat' dir='ltr'>religionis</span> <span class='ocrx_word' id='word_1_124' title='bbox 1897 1652 2017 1712; x_wconf 86' lang='lat' dir='ltr'>etc.</span> <span class='ocrx_word' id='word_1_125' title='bbox 2119 1647 2292 1711; x_wconf 90' lang='lat' dir='ltr'>Hinc</span> <span class='ocrx_word' id='word_1_126' title='bbox 2347 1653 2447 1712; x_wconf 90' lang='lat' dir='ltr'>est</span> <span class='ocrx_word' id='word_1_127' title='bbox 2500 1648 2675 1731; x_wconf 91' lang='lat' dir='ltr'>quod</span> <span class='ocrx_word' id='word_1_128' title='bbox 2729 1670 2847 1713; x_wconf 90' lang='lat' dir='ltr'>nos</span> <span class='ocrx_word' id='word_1_129' title='bbox 2910 1655 3039 1712; x_wconf 91' lang='lat' dir='ltr'>etc.</span> 
     </span>
     <span class='ocr_line' id='line_1_15' title="bbox 479 1753 3044 1838; baseline 0 -19"><span class='ocrx_word' id='word_1_130' title='bbox 479 1753 572 1819; x_wconf 88' lang='lat' dir='ltr'>Ut</span> <span class='ocrx_word' id='word_1_131' title='bbox 624 1755 691 1818; x_wconf 93' lang='lat' dir='ltr'>in</span> <span class='ocrx_word' id='word_1_132' title='bbox 757 1754 916 1837; x_wconf 82' lang='lat' dir='ltr'>hijs,</span> <span class='ocrx_word' id='word_1_133' title='bbox 976 1776 1102 1837; x_wconf 89' lang='lat' dir='ltr'>que</span> <span class='ocrx_word' id='word_1_134' title='bbox 1162 1754 1349 1820; x_wconf 92' lang='lat' dir='ltr'>nobis</span> <span class='ocrx_word' id='word_1_135' title='bbox 1406 1760 1782 1838; x_wconf 91' lang='lat' dir='ltr'>competunt</span> <span class='ocrx_word' id='word_1_136' title='bbox 1839 1760 1959 1819; x_wconf 91' lang='lat' dir='ltr'>etc.</span> <span class='ocrx_word' id='word_1_137' title='bbox 2053 1754 2267 1819; x_wconf 89' lang='lat' dir='ltr'>Item⁷</span> <span class='ocrx_word' id='word_1_138' title='bbox 2306 1805 2319 1820; x_wconf 90' lang='lat'><strong>.</strong></span> <span class='ocrx_word' id='word_1_139' title='bbox 2364 1805 2378 1820; x_wconf 94' lang='lat'><strong>.</strong></span> <span class='ocrx_word' id='word_1_140' title='bbox 2420 1754 2645 1820; x_wconf 92' lang='lat' dir='ltr'>abbati</span> <span class='ocrx_word' id='word_1_141' title='bbox 2704 1753 2996 1838; x_wconf 85' lang='lat' dir='ltr'>Cistertij</span> <span class='ocrx_word' id='word_1_142' title='bbox 3018 1756 3044 1793; x_wconf 75' lang='lat'>⁸</span> 
     </span>
     <span class='ocr_line' id='line_1_16' title="bbox 480 1860 3043 1946; baseline 0.001 -21"><span class='ocrx_word' id='word_1_143' title='bbox 480 1862 747 1943; x_wconf 88' lang='lat' dir='ltr'>eiusque</span> <span class='ocrx_word' id='word_1_144' title='bbox 793 1860 1220 1927; x_wconf 87' lang='lat' dir='ltr'>coabbatibus</span> <span class='ocrx_word' id='word_1_145' title='bbox 1286 1867 1407 1927; x_wconf 90' lang='lat' dir='ltr'>etc.</span> <span class='ocrx_word' id='word_1_146' title='bbox 1519 1860 1715 1926; x_wconf 86' lang='lat' dir='ltr'>Sacre</span> <span class='ocrx_word' id='word_1_147' title='bbox 1781 1867 2000 1927; x_wconf 89' lang='lat' dir='ltr'>nostre</span> <span class='ocrx_word' id='word_1_148' title='bbox 2064 1862 2394 1946; x_wconf 87' lang='lat' dir='ltr'>religionis</span> <span class='ocrx_word' id='word_1_149' title='bbox 2459 1868 2579 1927; x_wconf 92' lang='lat' dir='ltr'>etc.</span> <span class='ocrx_word' id='word_1_150' title='bbox 2710 1862 2920 1927; x_wconf 78' lang='lat' dir='ltr'>Item⁹</span> <span class='ocrx_word' id='word_1_151' title='bbox 2962 1911 2978 1926; x_wconf 92' lang='lat'><strong>.</strong></span> <span class='ocrx_word' id='word_1_152' title='bbox 3028 1912 3043 1927; x_wconf 89' lang='lat'><strong>.</strong></span> 
     </span>
     <span class='ocr_line' id='line_1_17' title="bbox 483 1967 3044 2051; baseline 0 -19"><span class='ocrx_word' id='word_1_153' title='bbox 483 1969 709 2033; x_wconf 91' lang='lat' dir='ltr'>abbati</span> <span class='ocrx_word' id='word_1_154' title='bbox 757 1968 1040 2051; x_wconf 88' lang='lat' dir='ltr'>Cistertij</span> <span class='ocrx_word' id='word_1_155' title='bbox 1060 1968 1085 2006; x_wconf 76' lang='lat'>⁸</span> <span class='ocrx_word' id='word_1_156' title='bbox 1130 1969 1397 2051; x_wconf 90' lang='lat' dir='ltr'>eiusque</span> <span class='ocrx_word' id='word_1_157' title='bbox 1445 1967 1874 2034; x_wconf 90' lang='lat' dir='ltr'>coabbatibus</span> <span class='ocrx_word' id='word_1_158' title='bbox 1921 1975 2045 2033; x_wconf 87' lang='lat' dir='ltr'>etc.</span> <span class='ocrx_word' id='word_1_159' title='bbox 2153 1969 2487 2035; x_wconf 84' lang='lat' dir='ltr'>Thesauro</span> <span class='ocrx_word' id='word_1_160' title='bbox 2536 1969 2850 2033; x_wconf 89' lang='lat' dir='ltr'>virtutum</span> <span class='ocrx_word' id='word_1_161' title='bbox 2908 1974 3044 2033; x_wconf 90' lang='lat' dir='ltr'>etc.</span> 
     </span>
     <span class='ocr_line' id='line_1_18' title="bbox 482 2074 743 2139; baseline 0.004 -1"><span class='ocrx_word' id='word_1_162' title='bbox 482 2074 743 2139; x_wconf 90' lang='lat' dir='ltr'>Amen.</span> 
     </span>
    </p>
   </div>
   <div class='ocr_carea' id='block_1_4' title="bbox 744 2375 3045 2549">
    <p class='ocr_par' dir='ltr' id='par_1_4' title="bbox 744 2375 3045 2549">
     <span class='ocr_line' id='line_1_19' title="bbox 744 2375 3045 2465; baseline 0.001 -25"><span class='ocrx_word' id='word_1_163' title='bbox 744 2377 762 2465; x_wconf 83' lang='grc' dir='ltr'>Η</span> <span class='ocrx_word' id='word_1_164' title='bbox 812 2375 1317 2460; x_wconf 90' lang='lat' dir='ltr'>Privilegium</span> <span class='ocrx_word' id='word_1_165' title='bbox 1374 2378 1826 2443; x_wconf 88' lang='lat' dir='ltr'>monialium</span> <span class='ocrx_word' id='word_1_166' title='bbox 1873 2378 2352 2443; x_wconf 89' lang='lat' dir='ltr'>inclusarum</span> <span class='ocrx_word' id='word_1_167' title='bbox 2399 2378 2703 2444; x_wconf 86' lang='lat' dir='ltr'>ordinis</span> <span class='ocrx_word' id='word_1_168' title='bbox 2765 2384 3045 2443; x_wconf 91' lang='lat' dir='ltr'>sancte</span> 
     </span>
     <span class='ocr_line' id='line_1_20' title="bbox 836 2482 1163 2549; baseline 0 -1"><span class='ocrx_word' id='word_1_169' title='bbox 836 2482 1069 2549; x_wconf 84' lang='lat' dir='ltr'>Clare</span> <span class='ocrx_word' id='word_1_170' title='bbox 1091 2484 1163 2548; x_wconf 82' lang='lat'>1⁰.</span> 
     </span>
    </p>
   </div>
   <div class='ocr_carea' id='block_1_5' title="bbox 478 2643 3046 3458">
    <p class='ocr_par' dir='ltr' id='par_1_5' title="bbox 478 2643 3046 3458">
     <span class='ocr_line' id='line_1_21' title="bbox 657 2643 3045 2729; baseline 0 -21"><span class='ocrx_word' id='word_1_171' title='bbox 657 2643 1055 2727; x_wconf 87' lang='lat' dir='ltr'>Religiosam</span> <span class='ocrx_word' id='word_1_172' title='bbox 1117 2644 1319 2709; x_wconf 88' lang='lat' dir='ltr'>vitam</span> <span class='ocrx_word' id='word_1_173' title='bbox 1380 2650 1501 2709; x_wconf 90' lang='lat' dir='ltr'>etc.</span> <span class='ocrx_word' id='word_1_174' title='bbox 1566 2665 1775 2727; x_wconf 90' lang='lat' dir='ltr'>usque</span> <span class='ocrx_word' id='word_1_175' title='bbox 1840 2651 2118 2709; x_wconf 80' lang='lat' dir='ltr'>enervet.</span> <span class='ocrx_word' id='word_1_176' title='bbox 2212 2645 2600 2729; x_wconf 88' lang='lat' dir='ltr'>Eapropter,</span> <span class='ocrx_word' id='word_1_177' title='bbox 2667 2645 2902 2709; x_wconf 91' lang='lat' dir='ltr'>dilecte</span> <span class='ocrx_word' id='word_1_178' title='bbox 2966 2645 3045 2709; x_wconf 90' lang='lat' dir='ltr'>in</span> 
     </span>
     <span class='ocr_line' id='line_1_22' title="bbox 481 2750 3046 2834; baseline 0 -18"><span class='ocrx_word' id='word_1_179' title='bbox 481 2750 736 2816; x_wconf 86' lang='lat' dir='ltr'>Christo</span> <span class='ocrx_word' id='word_1_180' title='bbox 801 2750 953 2831; x_wconf 90' lang='lat' dir='ltr'>filie,</span> <span class='ocrx_word' id='word_1_181' title='bbox 1017 2750 1251 2814; x_wconf 91' lang='lat' dir='ltr'>vestris</span> <span class='ocrx_word' id='word_1_182' title='bbox 1312 2751 1502 2815; x_wconf 90' lang='lat' dir='ltr'>iustis</span> <span class='ocrx_word' id='word_1_183' title='bbox 1557 2750 2115 2834; x_wconf 85' lang='lat' dir='ltr'>postulacionibus</span> <span class='ocrx_word' id='word_1_184' title='bbox 2172 2752 2522 2817; x_wconf 91' lang='lat' dir='ltr'>clementer</span> <span class='ocrx_word' id='word_1_185' title='bbox 2577 2752 2921 2817; x_wconf 89' lang='lat' dir='ltr'>annuimus</span> <span class='ocrx_word' id='word_1_186' title='bbox 2969 2757 3046 2816; x_wconf 91' lang='lat' dir='ltr'>et</span> 
     </span>
     <span class='ocr_line' id='line_1_23' title="bbox 479 2857 3037 2942; baseline 0 -20"><span class='ocrx_word' id='word_1_187' title='bbox 479 2857 944 2923; x_wconf 89' lang='lat' dir='ltr'>monasterium</span> <span class='ocrx_word' id='word_1_188' title='bbox 991 2861 1212 2921; x_wconf 90' lang='lat' dir='ltr'>sancte</span> <span class='ocrx_word' id='word_1_189' title='bbox 1259 2857 1364 2922; x_wconf 93' lang='lat' dir='ltr'>dei</span> <span class='ocrx_word' id='word_1_190' title='bbox 1408 2857 1739 2939; x_wconf 87' lang='lat' dir='ltr'>genitricis</span> <span class='ocrx_word' id='word_1_191' title='bbox 1787 2863 1853 2921; x_wconf 91' lang='lat' dir='ltr'>et</span> <span class='ocrx_word' id='word_1_192' title='bbox 1882 2858 2148 2941; x_wconf 91' lang='lat' dir='ltr'>virginis</span> <span class='ocrx_word' id='word_1_193' title='bbox 2186 2858 2393 2923; x_wconf 88' lang='lat' dir='ltr'>Marie</span> <span class='ocrx_word' id='word_1_194' title='bbox 2426 2864 2493 2923; x_wconf 93' lang='lat' dir='ltr'>et</span> <span class='ocrx_word' id='word_1_195' title='bbox 2524 2858 2734 2924; x_wconf 89' lang='lat' dir='ltr'>sancti</span> <span class='ocrx_word' id='word_1_196' title='bbox 2765 2857 3037 2942; x_wconf 81' lang='lat' dir='ltr'>Georgij</span> 
     </span>
     <span class='ocr_line' id='line_1_24' title="bbox 478 2962 3043 3049; baseline 0.001 -21"><span class='ocrx_word' id='word_1_197' title='bbox 478 2964 895 3045; x_wconf 85' lang='lat' dir='ltr'>Esculanum,</span> <span class='ocrx_word' id='word_1_198' title='bbox 927 2963 996 3026; x_wconf 92' lang='lat' dir='ltr'>in</span> <span class='ocrx_word' id='word_1_199' title='bbox 1027 2985 1155 3046; x_wconf 92' lang='lat' dir='ltr'>quo</span> <span class='ocrx_word' id='word_1_200' title='bbox 1189 2962 1402 3029; x_wconf 88' lang='lat' dir='ltr'>divino</span> <span class='ocrx_word' id='word_1_201' title='bbox 1434 2964 1591 3028; x_wconf 90' lang='lat' dir='ltr'>estis</span> <span class='ocrx_word' id='word_1_202' title='bbox 1629 2964 1942 3046; x_wconf 89' lang='lat' dir='ltr'>obsequio</span> <span class='ocrx_word' id='word_1_203' title='bbox 1973 2966 2359 3049; x_wconf 89' lang='lat' dir='ltr'>mancipate,</span> <span class='ocrx_word' id='word_1_204' title='bbox 2390 2966 2511 3031; x_wconf 91' lang='lat' dir='ltr'>sub</span> <span class='ocrx_word' id='word_1_205' title='bbox 2543 2965 2723 3031; x_wconf 89' lang='lat' dir='ltr'>beati</span> <span class='ocrx_word' id='word_1_206' title='bbox 2753 2964 2936 3030; x_wconf 89' lang='lat' dir='ltr'>Petri</span> <span class='ocrx_word' id='word_1_207' title='bbox 2967 2971 3043 3030; x_wconf 92' lang='lat' dir='ltr'>et</span> 
     </span>
     <span class='ocr_line' id='line_1_25' title="bbox 480 3070 3038 3156; baseline 0.001 -22"><span class='ocrx_word' id='word_1_208' title='bbox 480 3075 703 3135; x_wconf 89' lang='lat' dir='ltr'>nostra</span> <span class='ocrx_word' id='word_1_209' title='bbox 747 3071 1147 3153; x_wconf 90' lang='lat' dir='ltr'>protectione</span> <span class='ocrx_word' id='word_1_210' title='bbox 1179 3070 1563 3154; x_wconf 90' lang='lat' dir='ltr'>suscipimus</span> <span class='ocrx_word' id='word_1_211' title='bbox 1597 3076 1665 3135; x_wconf 94' lang='lat' dir='ltr'>et</span> <span class='ocrx_word' id='word_1_212' title='bbox 1693 3072 2016 3154; x_wconf 87' lang='lat' dir='ltr'>presentis</span> <span class='ocrx_word' id='word_1_213' title='bbox 2050 3072 2275 3156; x_wconf 90' lang='lat' dir='ltr'>scripti</span> <span class='ocrx_word' id='word_1_214' title='bbox 2314 3072 2648 3156; x_wconf 90' lang='lat' dir='ltr'>privilegio</span> <span class='ocrx_word' id='word_1_215' title='bbox 2683 3072 3038 3138; x_wconf 90' lang='lat' dir='ltr'>communi-</span> 
     </span>
     <span class='ocr_line' id='line_1_26' title="bbox 479 3176 3039 3262; baseline 0.001 -22"><span class='ocrx_word' id='word_1_216' title='bbox 479 3199 642 3259; x_wconf 90' lang='lat' dir='ltr'>mus,</span> <span class='ocrx_word' id='word_1_217' title='bbox 673 3177 968 3261; x_wconf 91' lang='lat' dir='ltr'>inprimis</span> <span class='ocrx_word' id='word_1_218' title='bbox 1003 3176 1320 3259; x_wconf 88' lang='lat' dir='ltr'>siquidem</span> <span class='ocrx_word' id='word_1_219' title='bbox 1341 3182 1721 3260; x_wconf 84' lang='lat' dir='ltr'>statuentes,</span> <span class='ocrx_word' id='word_1_220' title='bbox 1754 3183 1828 3242; x_wconf 90' lang='lat' dir='ltr'>ut</span> <span class='ocrx_word' id='word_1_221' title='bbox 1859 3177 2015 3242; x_wconf 92' lang='lat' dir='ltr'>ordo</span> <span class='ocrx_word' id='word_1_222' title='bbox 2049 3185 2271 3243; x_wconf 90' lang='lat' dir='ltr'>sancte</span> <span class='ocrx_word' id='word_1_223' title='bbox 2291 3178 2498 3260; x_wconf 85' lang='lat' dir='ltr'>Clare,</span> <span class='ocrx_word' id='word_1_224' title='bbox 2533 3201 2659 3262; x_wconf 88' lang='lat' dir='ltr'>que</span> <span class='ocrx_word' id='word_1_225' title='bbox 2679 3179 3039 3245; x_wconf 90' lang='lat' dir='ltr'>secundum</span> 
     </span>
     <span class='ocr_line' id='line_1_27' title="bbox 481 3282 3037 3369; baseline 0.001 -21"><span class='ocrx_word' id='word_1_226' title='bbox 481 3283 672 3348; x_wconf 90' lang='lat' dir='ltr'>deum</span> <span class='ocrx_word' id='word_1_227' title='bbox 704 3289 769 3348; x_wconf 91' lang='lat' dir='ltr'>et</span> <span class='ocrx_word' id='word_1_228' title='bbox 798 3283 1089 3367; x_wconf 89' lang='lat' dir='ltr'>regulam</span> <span class='ocrx_word' id='word_1_229' title='bbox 1121 3304 1160 3347; x_wconf 91' lang='lat' dir='ltr'>a</span> <span class='ocrx_word' id='word_1_230' title='bbox 1190 3282 1396 3348; x_wconf 90' lang='lat' dir='ltr'>felicis</span> <span class='ocrx_word' id='word_1_231' title='bbox 1427 3283 1902 3349; x_wconf 88' lang='lat' dir='ltr'>recordacionis</span> <span class='ocrx_word' id='word_1_232' title='bbox 1915 3283 2183 3351; x_wconf 88' lang='lat' dir='ltr'>Urbano</span> <span class='ocrx_word' id='word_1_233' title='bbox 2202 3306 2376 3368; x_wconf 89' lang='lat' dir='ltr'>papa</span> <span class='ocrx_word' id='word_1_234' title='bbox 2393 3283 2554 3349; x_wconf 90' lang='lat' dir='ltr'><strong>IIII.</strong></span> <span class='ocrx_word' id='word_1_235' title='bbox 2576 3286 3037 3369; x_wconf 91' lang='lat' dir='ltr'>predecessore</span> 
     </span>
     <span class='ocr_line' id='line_1_28' title="bbox 478 3388 3038 3458; baseline 0.001 -4"><span class='ocrx_word' id='word_1_236' title='bbox 478 3396 701 3455; x_wconf 87' lang='lat' dir='ltr'>nostro</span> <span class='ocrx_word' id='word_1_237' title='bbox 734 3389 1022 3454; x_wconf 91' lang='lat' dir='ltr'>eiusdem</span> <span class='ocrx_word' id='word_1_238' title='bbox 1055 3388 1298 3454; x_wconf 92' lang='lat' dir='ltr'>ordinis</span> <span class='ocrx_word' id='word_1_239' title='bbox 1333 3390 1662 3455; x_wconf 89' lang='lat' dir='ltr'>sororibus</span> <span class='ocrx_word' id='word_1_240' title='bbox 1681 3391 1994 3455; x_wconf 89' lang='lat' dir='ltr'>traditam</span> <span class='ocrx_word' id='word_1_241' title='bbox 2011 3392 2081 3454; x_wconf 91' lang='lat' dir='ltr'>in</span> <span class='ocrx_word' id='word_1_242' title='bbox 2103 3392 2328 3457; x_wconf 90' lang='lat' dir='ltr'>eodem</span> <span class='ocrx_word' id='word_1_243' title='bbox 2358 3392 2498 3458; x_wconf 92' lang='lat' dir='ltr'>loco</span> <span class='ocrx_word' id='word_1_244' title='bbox 2518 3392 2858 3457; x_wconf 89' lang='lat' dir='ltr'>institutus</span> <span class='ocrx_word' id='word_1_245' title='bbox 2890 3413 3038 3457; x_wconf 89' lang='lat' dir='ltr'>esse</span> 
     </span>
    </p>
   </div>
   <div class='ocr_carea' id='block_1_6' title="bbox 480 3496 3140 3582">
    <p class='ocr_par' dir='ltr' id='par_1_6' title="bbox 480 3496 3140 3582">
     <span class='ocr_line' id='line_1_29' title="bbox 480 3496 3140 3582; baseline 0.001 -21"><span class='ocrx_word' id='word_1_246' title='bbox 480 3497 835 3562; x_wconf 91' lang='lat' dir='ltr'>dinoscitur</span> <span class='ocrx_word' id='word_1_247' title='bbox 881 3502 1002 3562; x_wconf 90' lang='lat' dir='ltr'>etc.</span> <span class='ocrx_word' id='word_1_248' title='bbox 1050 3497 1381 3580; x_wconf 90' lang='lat' dir='ltr'>perpetuis</span> <span class='ocrx_word' id='word_1_249' title='bbox 1425 3496 1669 3562; x_wconf 91' lang='lat' dir='ltr'>ibidem</span> <span class='ocrx_word' id='word_1_250' title='bbox 1701 3498 2100 3582; x_wconf 89' lang='lat' dir='ltr'>temporibus</span> <span class='ocrx_word' id='word_1_251' title='bbox 2141 3498 2602 3564; x_wconf 89' lang='lat' dir='ltr'>inviolabiliter</span> <span class='ocrx_word' id='word_1_252' title='bbox 2632 3498 3033 3564; x_wconf 85' lang='lat' dir='ltr'>observetur.</span> <span class='ocrx_word' id='word_1_253' title='bbox 3136 3538 3140 3543; x_wconf 92' lang='lat'>·</span> 
     </span>
    </p>
   </div>
   <div class='ocr_carea' id='block_1_7' title="bbox 478 3603 3036 4008">
    <p class='ocr_par' dir='ltr' id='par_1_7' title="bbox 478 3603 3036 4008">
     <span class='ocr_line' id='line_1_30' title="bbox 480 3603 3036 3687; baseline 0.001 -20"><span class='ocrx_word' id='word_1_254' title='bbox 480 3603 789 3668; x_wconf 91' lang='lat' dir='ltr'>Preterea</span> <span class='ocrx_word' id='word_1_255' title='bbox 822 3624 1239 3685; x_wconf 89' lang='lat' dir='ltr'>quascunque</span> <span class='ocrx_word' id='word_1_256' title='bbox 1270 3604 1733 3685; x_wconf 77' lang='lat' dir='ltr'>possessioneS,</span> <span class='ocrx_word' id='word_1_257' title='bbox 1768 3625 2149 3687; x_wconf 87' lang='lat' dir='ltr'>quecunque</span> <span class='ocrx_word' id='word_1_258' title='bbox 2180 3603 2352 3670; x_wconf 89' lang='lat' dir='ltr'>bona</span> <span class='ocrx_word' id='word_1_259' title='bbox 2374 3604 2547 3669; x_wconf 92' lang='lat' dir='ltr'>idem</span> <span class='ocrx_word' id='word_1_260' title='bbox 2565 3608 3036 3671; x_wconf 89' lang='lat' dir='ltr'>monasterium</span> 
     </span>
     <span class='ocr_line' id='line_1_31' title="bbox 479 3709 3035 3795; baseline 0.001 -21"><span class='ocrx_word' id='word_1_261' title='bbox 479 3710 1045 3793; x_wconf 90' lang='lat' dir='ltr'>impresentiarum</span> <span class='ocrx_word' id='word_1_262' title='bbox 1075 3711 1244 3774; x_wconf 90' lang='lat' dir='ltr'>iuste</span> <span class='ocrx_word' id='word_1_263' title='bbox 1277 3731 1354 3775; x_wconf 91' lang='lat' dir='ltr'>ac</span> <span class='ocrx_word' id='word_1_264' title='bbox 1385 3710 1692 3774; x_wconf 91' lang='lat' dir='ltr'>canonice</span> <span class='ocrx_word' id='word_1_265' title='bbox 1723 3710 2015 3795; x_wconf 90' lang='lat' dir='ltr'>possidet</span> <span class='ocrx_word' id='word_1_266' title='bbox 2046 3716 2160 3776; x_wconf 90' lang='lat' dir='ltr'>aut</span> <span class='ocrx_word' id='word_1_267' title='bbox 2197 3711 2266 3774; x_wconf 93' lang='lat' dir='ltr'>in</span> <span class='ocrx_word' id='word_1_268' title='bbox 2296 3709 2586 3775; x_wconf 79' lang='lat' dir='ltr'>futurum</span> <span class='ocrx_word' id='word_1_269' title='bbox 2618 3712 3035 3778; x_wconf 89' lang='lat' dir='ltr'>concessione</span> 
     </span>
     <span class='ocr_line' id='line_1_32' title="bbox 478 3815 3036 3900; baseline 0.001 -18"><span class='ocrx_word' id='word_1_270' title='bbox 478 3815 876 3899; x_wconf 90' lang='lat' dir='ltr'>pontificum,</span> <span class='ocrx_word' id='word_1_271' title='bbox 932 3816 1284 3899; x_wconf 90' lang='lat' dir='ltr'>largicione</span> <span class='ocrx_word' id='word_1_272' title='bbox 1337 3837 1563 3899; x_wconf 91' lang='lat' dir='ltr'>regum</span> <span class='ocrx_word' id='word_1_273' title='bbox 1616 3816 1718 3880; x_wconf 89' lang='lat' dir='ltr'>vel</span> <span class='ocrx_word' id='word_1_274' title='bbox 1775 3817 2159 3900; x_wconf 91' lang='lat' dir='ltr'>principum,</span> <span class='ocrx_word' id='word_1_275' title='bbox 2209 3816 2537 3883; x_wconf 92' lang='lat' dir='ltr'>oblatione</span> <span class='ocrx_word' id='word_1_276' title='bbox 2581 3817 2871 3883; x_wconf 91' lang='lat' dir='ltr'>fidelium</span> <span class='ocrx_word' id='word_1_277' title='bbox 2918 3840 3036 3884; x_wconf 92' lang='lat' dir='ltr'>seu</span> 
     </span>
     <span class='ocr_line' id='line_1_33' title="bbox 480 3921 3035 4008; baseline 0 -20"><span class='ocrx_word' id='word_1_278' title='bbox 480 3923 626 4006; x_wconf 87' lang='lat' dir='ltr'>alijs</span> <span class='ocrx_word' id='word_1_279' title='bbox 673 3923 862 3986; x_wconf 88' lang='lat' dir='ltr'>iustis</span> <span class='ocrx_word' id='word_1_280' title='bbox 917 3922 1125 3988; x_wconf 91' lang='lat' dir='ltr'>modis</span> <span class='ocrx_word' id='word_1_281' title='bbox 1180 3926 1512 4006; x_wconf 87' lang='lat' dir='ltr'>prestante</span> <span class='ocrx_word' id='word_1_282' title='bbox 1561 3921 1819 3988; x_wconf 91' lang='lat' dir='ltr'>domino</span> <span class='ocrx_word' id='word_1_283' title='bbox 1874 3924 2116 4007; x_wconf 91' lang='lat' dir='ltr'>poterit</span> <span class='ocrx_word' id='word_1_284' title='bbox 2162 3923 2455 4008; x_wconf 88' lang='lat' dir='ltr'>adipisci,</span> <span class='ocrx_word' id='word_1_285' title='bbox 2503 3923 2693 3990; x_wconf 89' lang='lat' dir='ltr'>firma</span> <span class='ocrx_word' id='word_1_286' title='bbox 2735 3924 2920 3990; x_wconf 87' lang='lat' dir='ltr'>vobis</span> <span class='ocrx_word' id='word_1_287' title='bbox 2970 3930 3035 3989; x_wconf 92' lang='lat' dir='ltr'>et</span> 
     </span>
    </p>
   </div>
   <div class='ocr_carea' id='block_1_8' title="bbox 477 4118 3035 4725">
    <p class='ocr_par' dir='ltr' id='par_1_8' title="bbox 477 4118 3035 4725">
     <span class='ocr_line' id='line_1_34' title="bbox 659 4118 3035 4176; baseline 0.002 -5"><span class='ocrx_word' id='word_1_288' title='bbox 659 4120 677 4150; x_wconf 87' lang='lat'><strong>¹</strong></span> <span class='ocrx_word' id='word_1_289' title='bbox 714 4118 975 4173; x_wconf 78' lang='lat' dir='ltr'>Dariiber</span> <span class='ocrx_word' id='word_1_290' title='bbox 1012 4123 1059 4171; x_wconf 82' lang='lat'>2.</span> <span class='ocrx_word' id='word_1_291' title='bbox 1098 4120 1156 4171; x_wconf 85' lang='lat' dir='ltr'>in</span> <span class='ocrx_word' id='word_1_292' title='bbox 1192 4124 1340 4173; x_wconf 87' lang='lat' dir='ltr'>roter</span> <span class='ocrx_word' id='word_1_293' title='bbox 1375 4118 1593 4173; x_wconf 86' lang='lat' dir='ltr'>Schrift.</span> <span class='ocrx_word' id='word_1_294' title='bbox 1741 4119 1762 4151; x_wconf 77' lang='lat'>²</span> <span class='ocrx_word' id='word_1_295' title='bbox 1798 4119 2057 4175; x_wconf 78' lang='lat' dir='ltr'>Dariiber</span> <span class='ocrx_word' id='word_1_296' title='bbox 2094 4125 2143 4173; x_wconf 87' lang='lat'>3.</span> <span class='ocrx_word' id='word_1_297' title='bbox 2181 4121 2239 4173; x_wconf 90' lang='lat' dir='ltr'>in</span> <span class='ocrx_word' id='word_1_298' title='bbox 2276 4139 2319 4173; x_wconf 88' lang='lat' dir='ltr'>r.</span> <span class='ocrx_word' id='word_1_299' title='bbox 2346 4118 2571 4174; x_wconf 78' lang='lat' dir='ltr'>schrift.</span> <span class='ocrx_word' id='word_1_300' title='bbox 2715 4120 2737 4152; x_wconf 78' lang='lat'>³</span> <span class='ocrx_word' id='word_1_301' title='bbox 2772 4119 3035 4176; x_wconf 81' lang='lat' dir='ltr'>Dariiber</span> 
     </span>
     <span class='ocr_line' id='line_1_35' title="bbox 480 4205 3031 4265; baseline 0.002 -5"><span class='ocrx_word' id='word_1_302' title='bbox 480 4213 527 4261; x_wconf 89' lang='lat'>4.</span> <span class='ocrx_word' id='word_1_303' title='bbox 568 4209 626 4261; x_wconf 91' lang='lat' dir='ltr'>in</span> <span class='ocrx_word' id='word_1_304' title='bbox 661 4226 704 4260; x_wconf 87' lang='lat' dir='ltr'>r.</span> <span class='ocrx_word' id='word_1_305' title='bbox 743 4205 894 4261; x_wconf 85' lang='lat' dir='ltr'>Schr.</span> <span class='ocrx_word' id='word_1_306' title='bbox 1038 4207 1062 4239; x_wconf 81' lang='lat'><strong>⁴</strong></span> <span class='ocrx_word' id='word_1_307' title='bbox 1098 4207 1357 4262; x_wconf 75' lang='lat' dir='ltr'>Dariiber</span> <span class='ocrx_word' id='word_1_308' title='bbox 1395 4213 1441 4261; x_wconf 85' lang='lat'>5.</span> <span class='ocrx_word' id='word_1_309' title='bbox 1481 4210 1539 4261; x_wconf 91' lang='lat' dir='ltr'>in</span> <span class='ocrx_word' id='word_1_310' title='bbox 1576 4226 1618 4260; x_wconf 89' lang='lat' dir='ltr'>r.</span> <span class='ocrx_word' id='word_1_311' title='bbox 1647 4206 1798 4262; x_wconf 87' lang='lat' dir='ltr'>Schr.</span> <span class='ocrx_word' id='word_1_312' title='bbox 1945 4210 1967 4240; x_wconf 79' lang='lat'>⁵</span> <span class='ocrx_word' id='word_1_313' title='bbox 2003 4208 2260 4263; x_wconf 76' lang='lat' dir='ltr'>Dariiber</span> <span class='ocrx_word' id='word_1_314' title='bbox 2297 4216 2343 4262; x_wconf 83' lang='lat'>6.</span> <span class='ocrx_word' id='word_1_315' title='bbox 2383 4211 2442 4263; x_wconf 91' lang='lat' dir='ltr'>in</span> <span class='ocrx_word' id='word_1_316' title='bbox 2478 4227 2521 4262; x_wconf 89' lang='lat' dir='ltr'>r.</span> <span class='ocrx_word' id='word_1_317' title='bbox 2559 4208 2711 4263; x_wconf 88' lang='lat' dir='ltr'>Schr.</span> <span class='ocrx_word' id='word_1_318' title='bbox 2857 4211 2881 4242; x_wconf 79' lang='lat'>⁶</span> <span class='ocrx_word' id='word_1_319' title='bbox 2917 4210 3031 4265; x_wconf 84' lang='lat' dir='ltr'>Da-</span> 
     </span>
     <span class='ocr_line' id='line_1_36' title="bbox 478 4295 3028 4369; baseline 0 -18"><span class='ocrx_word' id='word_1_320' title='bbox 478 4297 646 4351; x_wconf 80' lang='lat' dir='ltr'>riiber</span> <span class='ocrx_word' id='word_1_321' title='bbox 684 4300 730 4350; x_wconf 79' lang='lat'>7.</span> <span class='ocrx_word' id='word_1_322' title='bbox 769 4298 827 4350; x_wconf 91' lang='lat' dir='ltr'>in</span> <span class='ocrx_word' id='word_1_323' title='bbox 864 4315 905 4350; x_wconf 89' lang='lat' dir='ltr'>r.</span> <span class='ocrx_word' id='word_1_324' title='bbox 945 4295 1094 4350; x_wconf 87' lang='lat' dir='ltr'>Schr.</span> <span class='ocrx_word' id='word_1_325' title='bbox 1315 4297 1335 4328; x_wconf 84' lang='lat'>⁷</span> <span class='ocrx_word' id='word_1_326' title='bbox 1370 4297 1631 4352; x_wconf 76' lang='lat' dir='ltr'>Dariiber</span> <span class='ocrx_word' id='word_1_327' title='bbox 1668 4303 1716 4351; x_wconf 84' lang='lat'>8.</span> <span class='ocrx_word' id='word_1_328' title='bbox 1753 4299 1811 4350; x_wconf 91' lang='lat' dir='ltr'>in</span> <span class='ocrx_word' id='word_1_329' title='bbox 1848 4316 1890 4350; x_wconf 89' lang='lat' dir='ltr'>r.</span> <span class='ocrx_word' id='word_1_330' title='bbox 1929 4296 2080 4351; x_wconf 88' lang='lat' dir='ltr'>Schr.</span> <span class='ocrx_word' id='word_1_331' title='bbox 2288 4298 2311 4330; x_wconf 80' lang='lat'>⁸</span> <span class='ocrx_word' id='word_1_332' title='bbox 2346 4298 2418 4352; x_wconf 85' lang='lat' dir='ltr'>So</span> <span class='ocrx_word' id='word_1_333' title='bbox 2455 4298 2545 4351; x_wconf 75' lang='lat' dir='ltr'>fiir</span> <span class='ocrx_word' id='word_1_334' title='bbox 2581 4297 2828 4369; x_wconf 81' lang='lat' dir='ltr'>Cistercij</span> <span class='ocrx_word' id='word_1_335' title='bbox 2870 4299 3028 4354; x_wconf 89' lang='lat' dir='ltr'>oben.</span> 
     </span>
     <span class='ocr_line' id='line_1_37' title="bbox 480 4383 3033 4442; baseline 0.002 -4"><span class='ocrx_word' id='word_1_336' title='bbox 480 4386 502 4418; x_wconf 80' lang='lat'><strong>⁹</strong></span> <span class='ocrx_word' id='word_1_337' title='bbox 537 4385 796 4441; x_wconf 75' lang='lat' dir='ltr'>Dariiber</span> <span class='ocrx_word' id='word_1_338' title='bbox 832 4391 881 4440; x_wconf 88' lang='grc'>9.</span> <span class='ocrx_word' id='word_1_339' title='bbox 920 4387 979 4439; x_wconf 91' lang='lat' dir='ltr'>in</span> <span class='ocrx_word' id='word_1_340' title='bbox 1014 4402 1057 4439; x_wconf 89' lang='lat' dir='ltr'>r.</span> <span class='ocrx_word' id='word_1_341' title='bbox 1096 4383 1246 4439; x_wconf 87' lang='lat' dir='ltr'>Schr.</span> <span class='ocrx_word' id='word_1_342' title='bbox 1449 4387 1492 4419; x_wconf 87' lang='lat'>¹⁰</span> <span class='ocrx_word' id='word_1_343' title='bbox 1528 4386 1647 4441; x_wconf 89' lang='lat' dir='ltr'>Der</span> <span class='ocrx_word' id='word_1_344' title='bbox 1682 4385 2022 4441; x_wconf 85' lang='lat' dir='ltr'>Rubrikator</span> <span class='ocrx_word' id='word_1_345' title='bbox 2056 4385 2210 4441; x_wconf 83' lang='lat' dir='ltr'>hatte</span> <span class='ocrx_word' id='word_1_346' title='bbox 2247 4386 2553 4441; x_wconf 74' lang='lat' dir='ltr'>irrti‘imlich</span> <span class='ocrx_word' id='word_1_347' title='bbox 2591 4387 2680 4442; x_wconf 90' lang='lat' dir='ltr'>die</span> <span class='ocrx_word' id='word_1_348' title='bbox 2716 4387 3033 4442; x_wconf 81' lang='lat' dir='ltr'>Aufschrift</span> 
     </span>
     <span class='ocr_line' id='line_1_38' title="bbox 478 4470 3030 4546; baseline 0 -15"><span class='ocrx_word' id='word_1_349' title='bbox 478 4492 590 4531; x_wconf 87' lang='lat' dir='ltr'>von</span> <span class='ocrx_word' id='word_1_350' title='bbox 612 4474 732 4529; x_wconf 88' lang='lat' dir='ltr'>Fol.</span> <span class='ocrx_word' id='word_1_351' title='bbox 761 4478 827 4526; x_wconf 85' lang='lat'>25</span> <span class='ocrx_word' id='word_1_352' title='bbox 865 4473 1203 4530; x_wconf 84' lang='lat' dir='ltr'>wiederholt.</span> <span class='ocrx_word' id='word_1_353' title='bbox 1265 4474 1342 4528; x_wconf 88' lang='lat' dir='ltr'>Er</span> <span class='ocrx_word' id='word_1_354' title='bbox 1376 4475 1536 4546; x_wconf 84' lang='lat' dir='ltr'>tilgte</span> <span class='ocrx_word' id='word_1_355' title='bbox 1573 4474 1747 4531; x_wconf 87' lang='lat' dir='ltr'>daher</span> <span class='ocrx_word' id='word_1_356' title='bbox 1783 4474 1919 4531; x_wconf 85' lang='lat' dir='ltr'>alles</span> <span class='ocrx_word' id='word_1_357' title='bbox 1956 4470 2126 4529; x_wconf 86' lang='lat' dir='ltr'>ausser</span> <span class='ocrx_word' id='word_1_358' title='bbox 2150 4475 2514 4546; x_wconf 88' lang='lat' dir='ltr'>Privilegium</span> <span class='ocrx_word' id='word_1_359' title='bbox 2551 4475 2724 4530; x_wconf 90' lang='lat' dir='ltr'>durch</span> <span class='ocrx_word' id='word_1_360' title='bbox 2761 4478 2852 4530; x_wconf 90' lang='lat' dir='ltr'>ein</span> <span class='ocrx_word' id='word_1_361' title='bbox 2888 4477 3030 4531; x_wconf 87' lang='lat' dir='ltr'>nach</span> 
     </span>
     <span class='ocr_line' id='line_1_39' title="bbox 477 4551 3028 4634; baseline 0.002 -17"><span class='ocrx_word' id='word_1_362' title='bbox 477 4563 843 4633; x_wconf 88' lang='lat' dir='ltr'>Privilegium</span> <span class='ocrx_word' id='word_1_363' title='bbox 878 4563 1018 4618; x_wconf 75' lang='lat' dir='ltr'>iiber</span> <span class='ocrx_word' id='word_1_364' title='bbox 1053 4563 1142 4618; x_wconf 90' lang='lat' dir='ltr'>die</span> <span class='ocrx_word' id='word_1_365' title='bbox 1167 4564 1316 4619; x_wconf 90' lang='lat' dir='ltr'>Zeile</span> <span class='ocrx_word' id='word_1_366' title='bbox 1351 4569 1618 4634; x_wconf 85' lang='lat' dir='ltr'>gesetztes</span> <span class='ocrx_word' id='word_1_367' title='bbox 1657 4582 1731 4619; x_wconf 84' lang='lat' dir='ltr'>va</span> <span class='ocrx_word' id='word_1_368' title='bbox 1767 4564 1882 4617; x_wconf 89' lang='lat' dir='ltr'>und</span> <span class='ocrx_word' id='word_1_369' title='bbox 1919 4566 2010 4618; x_wconf 90' lang='lat' dir='ltr'>ein</span> <span class='ocrx_word' id='word_1_370' title='bbox 2046 4569 2136 4619; x_wconf 84' lang='lat' dir='ltr'>cat</span> <span class='ocrx_word' id='word_1_371' title='bbox 2171 4564 2314 4620; x_wconf 83' lang='lat' dir='ltr'>nach</span> <span class='ocrx_word' id='word_1_372' title='bbox 2349 4565 2646 4621; x_wconf 85' lang='lat' dir='ltr'>novalium.</span> <span class='ocrx_word' id='word_1_373' title='bbox 2709 4551 2866 4620; x_wconf 75' lang='lat' dir='ltr'>Uber</span> <span class='ocrx_word' id='word_1_374' title='bbox 2903 4566 3028 4621; x_wconf 88' lang='lat' dir='ltr'>dem</span> 
     </span>
     <span class='ocr_line' id='line_1_40' title="bbox 478 4651 2795 4725; baseline 0.001 -17"><span class='ocrx_word' id='word_1_375' title='bbox 478 4670 551 4708; x_wconf 85' lang='lat' dir='ltr'>va</span> <span class='ocrx_word' id='word_1_376' title='bbox 587 4656 688 4706; x_wconf 89' lang='lat' dir='ltr'>etc.</span> <span class='ocrx_word' id='word_1_377' title='bbox 727 4657 855 4724; x_wconf 85' lang='lat' dir='ltr'>trug</span> <span class='ocrx_word' id='word_1_378' title='bbox 891 4671 950 4708; x_wconf 87' lang='lat' dir='ltr'>er</span> <span class='ocrx_word' id='word_1_379' title='bbox 986 4654 1135 4708; x_wconf 79' lang='lat' dir='ltr'>darm</span> <span class='ocrx_word' id='word_1_380' title='bbox 1173 4654 1262 4710; x_wconf 92' lang='lat' dir='ltr'>die</span> <span class='ocrx_word' id='word_1_381' title='bbox 1298 4653 1530 4725; x_wconf 86' lang='lat' dir='ltr'>richtige</span> <span class='ocrx_word' id='word_1_382' title='bbox 1569 4651 1879 4709; x_wconf 82' lang='lat' dir='ltr'>Aufschrift</span> <span class='ocrx_word' id='word_1_383' title='bbox 1913 4653 2078 4709; x_wconf 86' lang='lat' dir='ltr'>nach:</span> <span class='ocrx_word' id='word_1_384' title='bbox 2121 4654 2442 4713; x_wconf 84' lang='lat' dir='ltr'>monialium</span> <span class='ocrx_word' id='word_1_385' title='bbox 2482 4696 2493 4709; x_wconf 91' lang='lat'>.</span> <span class='ocrx_word' id='word_1_386' title='bbox 2523 4695 2535 4709; x_wconf 89' lang='lat'><strong>.</strong></span> <span class='ocrx_word' id='word_1_387' title='bbox 2564 4696 2575 4709; x_wconf 91' lang='lat'>.</span> <span class='ocrx_word' id='word_1_388' title='bbox 2616 4652 2795 4710; x_wconf 83' lang='lat' dir='ltr'>Clare.</span> 
     </span>
    </p>
   </div>
  </div>
 </body>
</html>
