3242 5184
153 1831 270 1885 Fol.
311 1830 431 1884 911».

1487 263 1973 324 —176—

641 440 827 524 Quod
874 438 1358 503 abbreviatores
1404 460 1522 522 pro
1567 439 1908 502 formanda
1954 443 2112 502 nota
2157 437 2555 501 revocatorie
2596 457 2636 499 a
2669 434 3010 500 diffinitiva

461 549 635 612 ultra
681 555 812 612 tres
860 567 1119 627 grossos
1165 567 1293 610 non
1340 546 1599 627 exigant
1646 545 1747 609 vel
1794 545 2112 628 recipiant
2157 543 2595 625 Turonenses,
2654 549 2720 607 et
2766 544 2821 607 si
2871 564 3011 606 sen-

460 655 668 719 tentia
699 674 893 737 super
922 653 1247 736 personali
1278 653 1539 717 accione
1586 652 1724 717 lata
1770 651 1938 717 foret
1982 651 2082 716 vel
2131 651 2293 715 alias
2315 651 2336 688 ¹
2375 658 2548 715 esset
2576 650 2733 714 levis
2769 656 2836 714 et
2869 649 3013 714 abs-

465 783 588 844 que
652 761 902 844 prolixa
947 760 1339 841 narratione,
1402 760 1584 824 iuxta
1658 759 2041 842 qualitatem
2117 758 2357 840 negotij
2439 758 2649 821 minus
2725 758 3017 840 recipere

463 874 825 933 teneantur.
918 866 1020 931 De
1084 867 1232 950 alijs
1278 887 1428 931 vero
1475 866 1934 947 revocatorijS,
2002 886 2127 947 que
2183 887 2310 930 non
2367 870 2518 928 sunt
2562 886 2602 928 a
2648 864 3018 944 diffinitiva,

466 957 947 1041 continentibus
994 995 1193 1037 unum
1240 973 1448 1037 solum
1495 993 1840 1054 gravamen
1875 971 2029 1036 dicti
2063 971 2548 1036 abbreviatores
2580 973 3017 1055 receptionem

467 1088 747 1164 quatuor
793 1079 1100 1144 similium
1132 1079 1602 1144 Turonensium
1635 1100 2050 1161 nequaquam
2083 1078 2418 1143 excedant.
2499 1078 2567 1143 Si
2601 1084 2819 1143 autem
2868 1099 3020 1142 con-

467 1190 751 1252 tinerent
806 1186 931 1252 duo
987 1186 1088 1250 vel
1141 1187 1330 1269 plura
1383 1187 1787 1268 gravamina,
1854 1186 1978 1269 ipsi
2034 1185 2518 1250 abbreviatores
2573 1187 2748 1250 ultra
2796 1185 3025 1249 decem

468 1318 595 1361 non
659 1294 977 1376 recipiant
1024 1294 1266 1357 similes
1327 1293 1736 1359 Turonenses
1760 1343 1775 1374 ,
1841 1293 1968 1356 nisi
2027 1292 2246 1357 forsan
2308 1299 2482 1358 esset
2542 1315 2730 1357 casus
2791 1313 3024 1371 novu8,

470 1401 752 1466 difficilis
835 1406 901 1464 et
982 1401 1286 1483 prolixus.
1418 1399 1495 1463 In
1570 1422 1698 1482 quo
1782 1399 2100 1482 siquidem
2178 1421 2332 1464 casu
2407 1401 2604 1483 ijdem
2682 1399 3023 1464 abbrevia-

468 1515 643 1573 tores
698 1508 872 1572 ultra
935 1508 1162 1589 viginti
1225 1530 1352 1572 non
1418 1508 1738 1590 recipiant
1800 1507 2042 1570 similes
2106 1506 2537 1572 Turonenses.
2644 1506 2735 1571 Et
2799 1507 2853 1569 si
2908 1505 3026 1569 ab·

470 1616 867 1680 breviatores
931 1615 1055 1698 ipsi
1118 1615 1487 1698 receptione
1552 1615 1871 1678 dictorum
1935 1614 2162 1695 viginti
2223 1613 2693 1678 Turonensium
2758 1618 3031 1696 propter

472 1721 920 1785 difficultatem
977 1726 1045 1785 et
1099 1720 1616 1803 singularitatem
1674 1743 1940 1785 casuum
1997 1721 2286 1785 contenti
2339 1743 2468 1785 non
2523 1722 2878 1785 existerent
2919 1720 3030 1783 vel

469 1831 824 1913 impetrans
864 1848 932 1891 se
971 1826 1050 1891 de
1097 1827 1405 1911 predictis
1452 1834 1786 1912 reputaret
1816 1834 2175 1910 gravatum,
2228 1834 2252 1912 Η
2304 1834 2674 1893 recurratur
2720 1827 2802 1891 ad
2853 1827 3030 1891 arbi-

471 1937 668 2001 trium
715 1934 904 1998 unius
950 1934 1350 1998 notariorum
1397 1941 1792 2016 nostrorum,
1854 1955 2045 2016 quem
2102 1935 2314 1999 dictus
2361 1936 2717 2019 impetrans
2765 1934 3034 1998 duxerit

476 2041 860 2125 eligendum.

653 2147 840 2230 Quod
873 2147 1109 2231 prefati
1140 2147 1624 2213 abbreviatores
1659 2147 1737 2212 de
1769 2148 2153 2214 formatione
2191 2156 2343 2215 note
2391 2149 2787 2214 executionis
2835 2149 3033 2212 unius

476 2257 796 2321 sententie
850 2255 983 2319 late
1038 2255 1103 2318 in
1161 2255 1515 2336 apostolico
1573 2255 1818 2338 palatio
1876 2256 1976 2320 vel
2032 2277 2149 2338 per
2206 2256 2488 2339 aliquem
2551 2257 2913 2321 auditorem
2959 2256 3032 2317 in

474 2364 772 2428 Romana
836 2362 1016 2425 curia
1079 2382 1157 2424 ex
1222 2362 1603 2425 comissione
1669 2363 2029 2444 apostolica
2094 2363 2471 2447 deputatum
2518 2363 2690 2427 ultra
2728 2361 2867 2426 XII
2898 2384 3034 2425 non

475 2471 795 2554 recipiant
833 2468 1075 2531 similes
1115 2467 1544 2532 Turonenses.
1639 2467 1728 2532 Et
1775 2470 1830 2532 si
1878 2470 2208 2534 contineat
2245 2471 2406 2535 duas
2441 2471 2819 2550 sententiaS,
2854 2489 3033 2532 rece-

477 2578 765 2661 ptionem
820 2575 1101 2639 sedecim
1157 2573 1630 2639 Turonensium
1688 2575 1993 2640 similium
2049 2598 2462 2660 nequaquam
2529 2576 2863 2641 excedant.
2958 2574 3036 2638 Si

476 2705 628 2748 vero
688 2683 1016 2747 contineat
1072 2687 1204 2744 tres
1252 2683 1631 2763 sententiaS,
1692 2682 1867 2747 ultra
1925 2685 2153 2765 viginti
2214 2707 2342 2749 non
2403 2684 2723 2768 recipiant
2786 2682 3036 2746 similes

478 2791 907 2869 TuronenseS,
955 2788 1081 2851 nisi
1128 2793 1284 2853 nota
1329 2789 1473 2872 ipsa
1519 2790 1879 2854 contineret
1926 2789 2213 2855 diversas
2250 2792 2775 2856 interlocutorias
2824 2796 2890 2853 et
2935 2791 3035 2853 in-

481 2897 764 2961 stancias
812 2895 914 2961 vel
961 2894 1125 2959 alias
1173 2896 1502 2976 negotium
1548 2895 1824 2960 multum
1862 2898 2184 2980 prolixum
2216 2904 2282 2962 et
2311 2899 2687 2963 intricatum
2721 2899 3038 2961 existeret

482 3010 548 3067 et
579 3009 752 3083 tunc,
803 3003 857 3065 si
888 3002 1307 3066 abbreviator
1338 3007 1406 3066 et
1435 3003 1794 3086 impetrans
1828 3004 2089 3068 minime
2123 3005 2608 3087 concordarent,
2655 3010 3039 3069 recurratur

483 3110 565 3173 ad
622 3109 966 3174 arbitrium
1018 3109 1208 3174 unius
1265 3110 1706 3191 notariorum,
1775 3132 1965 3192 quem
2031 3112 2169 3195 ipse
2232 3113 2589 3195 impetrans
2613 3162 2628 3193 ,
2694 3118 2769 3175 ut
2834 3133 3040 3194 supra

485 3217 740 3298 dicitur,
790 3216 1047 3280 duxerit
1093 3216 1478 3298 eligendum.

661 3322 849 3404 Quod
897 3322 1053 3387 dicti
1100 3323 1584 3389 abbreviatores
1634 3323 1713 3388 de
1759 3330 1916 3390 nota
1962 3325 2359 3390 executionis
2398 3325 3038 3391 interlocutoriamm

485 3430 586 3495 vel
632 3430 1115 3495 interlocutorie
1163 3451 1240 3495 ac
1286 3432 1715 3496 revocationis
1762 3438 2297 3516 attemptatorum
2345 3454 2472 3497 non
2510 3433 2830 3517 recipiant
2862 3433 3042 3497 ultra

487 3538 708 3601 decem
756 3536 999 3600 similes
1046 3535 1471 3601 TuronenseS.
1552 3537 1641 3602 Et
1688 3539 1743 3601 si
1790 3545 1945 3603 nota
1992 3546 2165 3604 esset
2210 3539 2422 3603 brevis
2472 3546 2537 3604 et
2583 3539 2813 3621 facilis,
2864 3558 3041 3603 rece-

487 3644 773 3726 ptionem
839 3649 983 3708 octo
1042 3644 1346 3707 similium
1403 3644 1874 3710 Turonensium
1930 3667 2341 3729 nequaquam
2408 3645 2742 3710 excedant.
2851 3644 3040 3727 Quod

488 3750 683 3833 ijdem
742 3750 1227 3815 abbreviatores
1292 3772 1408 3834 pro
1456 3751 1726 3832 singulis
1791 3755 1962 3817 notis
2008 3753 2478 3833 remissionum,
2554 3752 3039 3823 inhibitionum,

491 3858 1116 3939 sequestrationum,
1169 3857 1738 3922 denunciationum
1790 3860 2488 3925 excommunicatorum
2540 3861 2605 3923 in
2656 3859 2882 3923 eodem
2928 3880 3040 3942 pa-

489 3962 650 4027 latio
697 3963 797 4027 vel
844 3985 961 4047 per
1007 3964 1290 4046 aliquem
1338 3963 1701 4030 auditorem
1747 3965 1812 4028 in
1860 3966 2037 4030 dicta
2087 3966 2285 4047 curia,
2338 3972 2411 4029 ut
2458 3968 2883 4050 premittitur,
2932 3967 3040 4030 de-

490 4075 790 4152 putatum
849 4072 1282 4154 receptionem
1343 4077 1489 4135 octo
1551 4072 1857 4136 similium
1916 4073 2386 4137 Turonensium
2444 4072 2859 4156 aliquatenus
2914 4096 3042 4137 non

492 4177 823 4241 excedant.
2444 4178 2449 4182 ’

674 4429 691 4458 ¹
729 4427 886 4483 Nach
923 4428 1061 4483 alias
1097 4448 1164 4482 ex
1199 4429 1371 4483 durch
1407 4429 1873 4486 Durchstr'eichen
1907 4431 2119 4503 getilgt.
