3242 5184
260 3879 376 3934 Fol.

162 3967 476 4023 CCXXIX.

236 4061 404 4126 (255.)

1543 285 2034 348 —220—

508 458 804 523 dominus
852 458 1111 524 auditor
1155 459 1632 543 pronunciabit,
1679 466 1754 525 ut
1798 460 1857 525 ei
1905 461 2113 524 visum
2160 458 2374 524 fuerit.
2468 457 2610 542 Que
2655 462 2881 523 tamen
2929 480 3072 541 pro-

506 566 864 648 nunciaciO,
902 566 1057 632 licet
1091 566 1176 632 ab
1224 589 1303 632 ea
1339 567 1741 651 appellatum
1772 589 1901 634 non
1933 566 2155 649 fuerit,
2197 588 2326 633 non
2366 565 2748 631 devolvebat
2783 586 3072 645 causam,

507 674 561 737 si
609 672 774 738 alias
821 672 1182 757 appellacio
1228 695 1358 740 non
1405 679 1548 740 erat
1592 673 1813 740 debite
1860 674 2165 739 intimata
2207 673 2393 738 iuxta
2438 673 2598 737 iuris
2655 673 2967 755 vigorem,
3017 677 3077 736 et

507 779 602 843 sic
654 778 1035 862 plerumque
1091 781 1379 864 contigit,
1446 781 1619 864 quod
1678 781 1771 846 sic
1822 781 2321 865 pronunciatum
2364 778 2552 860 foret,
2599 777 3077 863 procedebatur

506 886 778 952 ulterius
825 887 893 951 in
931 888 1404 953 contumaciam
1442 888 1525 954 ad
1558 887 1967 953 diffinitivam
2005 887 2413 954 sententiam.
2499 884 2627 952 Sed
2661 885 2813 950 dum
2853 884 3074 950 huius-

507 993 682 1058 modi
727 993 865 1059 lata
906 993 1105 1059 fuerit
1149 1000 1217 1059 et
1262 994 1347 1060 ab
1394 1015 1473 1059 ea
1518 994 1918 1078 appellatum
1956 999 2120 1077 erat,
2166 993 2324 1059 licet
2364 994 2458 1059 sic
2493 993 2562 1057 in
2600 992 3076 1058 contumaciam

506 1101 1005 1185 pronunciatum
1066 1099 1281 1184 fuerit,
1345 1107 1420 1166 ut
1480 1100 1823 1186 prefertur,
1890 1123 2154 1168 causam
2218 1100 2357 1168 fore
2412 1100 2494 1166 ad
2562 1101 2772 1182 ipsam
2830 1099 3076 1163 curiam

508 1206 896 1289 devolutam,
964 1207 1020 1271 si
1082 1207 1452 1275 huiusmodi
1516 1230 1718 1274 causa
1780 1230 1909 1275 non
1968 1208 2133 1275 bene
2188 1207 2494 1275 devoluta
2546 1206 2763 1288 fuerit,
2828 1206 3073 1289 primus

506 1335 850 1397 processus
915 1320 983 1380 et
1045 1314 1251 1380 eciam
1316 1320 1663 1399 sequentes
1719 1321 1903 1380 actus
1958 1337 2077 1398 per
2132 1313 2486 1380 secundum
2542 1319 2609 1378 et
2652 1312 2952 1394 tercium,
3015 1319 3079 1377 et

509 1421 603 1486 sic
658 1442 776 1505 per
829 1420 1120 1488 ordinem
1175 1422 1342 1487 alius
1399 1421 1660 1487 auditor
1715 1442 1992 1505 sequens
2049 1420 2381 1487 revocabit
2435 1428 2504 1487 et
2560 1419 2959 1500 annullabit,
3015 1426 3077 1483 et

509 1529 604 1592 sic
667 1550 863 1593 cause
927 1526 1160 1594 fierent
1220 1528 1618 1595 immortales
1678 1534 1744 1595 et
1801 1529 2108 1608 circuitus
2168 1528 2614 1611 approbantur
2668 1527 2736 1591 in
2795 1526 3075 1593 favorem

509 1635 970 1718 occupancium
1034 1640 1101 1699 et
1162 1642 1630 1720 prosequentes
1694 1634 2063 1701 huiusmodi
2132 1655 2363 1700 causas
2428 1634 2881 1718 multipliciter
2943 1654 3076 1715 gra-

508 1748 816 1807 varentur
862 1748 929 1807 et
972 1742 1430 1825 gravabantur.
1449 1746 1474 1788 1

688 1846 875 1930 Quod
937 1849 1410 1932 perpendentes
1468 1849 1714 1921 domini
1778 1847 2107 1914 auditores
2174 1847 2330 1913 dicti
2393 1848 2661 1932 palacij,
2728 1849 2868 1929 qui,
2934 1848 3077 1911 dum

509 1956 808 2021 dominus
866 1954 1277 2043 Gre[gorius]
1332 1977 1506 2040 papa
1558 1956 1850 2040 prefatus
1907 1954 1987 2020 de
2048 1955 2369 2020 Avinione
2429 1954 2515 2020 ad
2560 1954 2789 2021 urbem
2844 1953 3076 2019 dictam

509 2063 759 2128 curiam
813 2061 1150 2128 transtulit
1167 2069 1223 2143 ²,
1270 2069 1426 2129 tunc
1471 2065 1540 2128 in
1584 2062 1814 2129 eadem
1859 2061 2021 2127 urbe
2067 2062 2262 2145 paulo
2307 2067 2477 2146 post,
2535 2067 2687 2145 post
2731 2061 3078 2127 adventum

509 2171 717 2254 ipsius
783 2168 1026 2235 domini
1092 2169 1450 2257 Gre[gorij]
1518 2169 1602 2235 ad
1669 2169 1912 2236 dictam
1976 2168 2236 2252 urbem,
2304 2168 2788 2234 considerantes
2862 2170 2955 2234 sic
3016 2167 3076 2231 in

509 2276 878 2342 relevamen
921 2277 1293 2342 huiusmodi
1336 2277 1744 2361 litigancium
1790 2282 1856 2342 et
1899 2275 2194 2359 parcium
2243 2275 2705 2342 ordinaverunt
2749 2280 2820 2341 et
2867 2276 3073 2341 volue-

508 2390 681 2467 runt,
746 2382 922 2467 quod
985 2389 1219 2448 extunc
1283 2384 1551 2450 inantea
1620 2385 1851 2450 unicus
1923 2382 2293 2449 huiusmodi
2375 2381 2570 2446 [mor
2632 2383 3072 2462 terminorum,

512 2490 759 2556 scilicet
821 2489 905 2555 ad
950 2489 1449 2574 procedendum,
1513 2497 1710 2574 prout
1773 2490 1855 2557 de
1919 2491 2090 2572 iure,
2167 2495 2536 2555 servaretur
2591 2489 2960 2572 dumtaxat,
3016 2494 3075 2553 et

509 2598 577 2662 in
631 2597 908 2662 termino
965 2596 1051 2662 ad
1105 2597 1592 2681 producendum
1649 2598 1866 2664 omnia
1922 2598 2082 2681 ipsis
2136 2596 2434 2681 partibus
2509 2595 2662 2661 dato
2709 2595 3071 2661 huiusmodi

510 2706 655 2769 iura
700 2702 785 2768 ad
831 2702 1305 2769 devolutionem
1353 2703 1703 2769 earundem
1741 2704 2259 2789 appellacionum
2297 2724 2410 2768 seu
2458 2724 2805 2768 causarum
2843 2702 3070 2767 facien-

510 2811 617 2891 tia,
661 2811 859 2875 etiam
914 2810 1425 2894 producerentur
1482 2816 1547 2876 et
1604 2817 2046 2877 statuerentur
2100 2811 2359 2876 termini
2405 2809 2608 2875 'alteri
2654 2810 2951 2893 parcium
2994 2806 3069 2873 ad

511 2916 1125 2983 contradicendum⁸
1177 2917 1569 3001 generaliter
1631 2917 2000 2984 huiusmodi
2071 2917 2556 2983 devolucionem
2622 2922 2689 2980 et
2758 2915 2892 2980 alia
2937 2915 3069 2979 iura

510 3047 629 3108 pro
695 3023 1110 3090 devolucione
1174 3023 1541 3089 huiusmodi
1605 3022 1917 3091 facientia
1981 3031 2048 3090 et
2111 3022 2362 3107 absque
2427 3044 2524 3105 eo,
2590 3021 2767 3105 quod
2823 3022 3069 3087 auditor

512 3153 705 3196 cause
761 3131 912 3196 talis
967 3131 1270 3214 deinceps
1325 3132 1788 3214 pronunciaret
1842 3153 2108 3197 causam
2163 3130 2362 3196 talem
2418 3129 2504 3196 ad
2550 3131 2800 3194 curiam
2845 3130 3064 3213 ipsam,

512 3245 586 3302 ut
616 3238 1033 3320 premittitur,
1066 3237 1204 3304 fore
1237 3237 1624 3304 devolutam.
1702 3238 1794 3303 Et
1823 3237 1889 3303 id
1927 3237 2100 3304 idem
2147 3258 2263 3321 per
2307 3236 2487 3302 aliud
2532 3243 2788 3320 tempus
2820 3234 3064 3301 domino

511 3350 733 3410 nostro
824 3343 1152 3432 Ur[bano]
1236 3343 1351 3410 VI.
1440 3324 1751 3411 moderno
1835 3344 1974 3411 sedi
2057 3344 2411 3428 apostolice
2492 3342 2867 3427 presidente
2945 3339 3065 3405 vidi

514 3456 812 3517 servare4
876 3458 942 3516 et
997 3452 1065 3516 in
1110 3451 1359 3535 palatio
1405 3451 1701 3535 predicto
1750 3457 1903 3517 tunc
1959 3453 2166 3517 eciam
2215 3472 2319 3516 me
2374 3449 2587 3516 adhuc
2634 3449 2794 3515 dicti
2839 3445 3059 3533 palacij

511 3559 764 3623 notario
831 3557 1162 3623 existente.
1259 3558 1429 3640 Quid
1495 3564 1714 3623 autem
1777 3558 1969 3624 hodie
2034 3560 2101 3623 in
2155 3558 2397 3624 talibus
2454 3563 2774 3641 servetur,
2832 3557 3059 3640 ignom,

513 3664 704 3730 credo
751 3670 971 3730 tamen
1016 3663 1209 3747 idem,
1257 3671 1332 3729 ut
1376 3685 1530 3749 sepe
1546 3668 1590 3747 ⁵,
1641 3666 1904 3731 servari.

787 3911 945 3996 ”De
991 3912 1673 3979 observationibus
1722 3914 2048 3979 aliorum
2093 3914 2609 3979 terminorum.

691 4054 903 4140 Igitur
960 4055 1044 4120 ad
1101 4055 1618 4122 observationem
1676 4057 1951 4122 aliorum
2006 4056 2431 4121 terminorum
2484 4055 2553 4120 in
2612 4057 2826 4121 causis
2881 4053 3054 4118 bene-

515 4163 836 4229 ficialibus
903 4169 969 4229 et
1013 4163 1266 4247 piorum
1313 4163 1604 4229 locorum
1652 4170 1719 4228 et
1764 4163 1910 4246 ah'js
1958 4163 2083 4247 pijs
2132 4161 2345 4227 causis
2391 4163 2459 4227 in
2505 4162 2745 4246 prima,
2794 4156 3054 4226 secunda

517 4277 582 4336 et
626 4271 832 4336 tercia
867 4270 1205 4354 instancijs
1238 4269 1409 4334 idem
1449 4276 1549 4335 est
1590 4291 1952 4354 processuS,
2000 4269 2177 4334 verbi
2225 4269 2447 4354 gracia
2493 4268 2572 4334 de
2620 4266 3053 4334 observacione

702 4486 720 4518 ¹
757 4484 1067 4540 Handschr.
1105 4483 1462 4556 gravabatur.
1580 4484 1603 4517 ²
1640 4483 1867 4539 Scheint
1897 4486 1988 4539 ein
2011 4483 2259 4540 Verbum
2297 4501 2366 4537 zu
2390 4482 2592 4538 fehlen.
2710 4482 2733 4515 ⁸
2767 4475 3049 4536 Handschr.

519 4574 812 4629 dicendum
850 4580 1043 4628 contra
1078 4574 1181 4628 mit
1217 4574 1324 4628 den
1361 4573 1612 4641 Zeichen,
1653 4572 1858 4629 welche
1894 4573 2010 4627 sich
2047 4573 2153 4628 auf
2179 4574 2271 4628 die
2308 4558 2616 4644 Ruderung
2652 4573 2750 4628 der
2783 4562 3050 4626 wortstel·

513 4661 650 4735 lung
685 4661 968 4718 beziehen.
1114 4661 1137 4695 ⁴
1173 4662 1345 4719 Wohl
1382 4664 1606 4720 servari.
1754 4663 1776 4695 ⁶
1811 4662 2156 4718 Vermutlich
2187 4660 2278 4716 fiir
2313 4679 2483 4732 supra
2518 4659 2936 4717 verschrIeben.'
