3242 5184
250 675 366 730 Fol.

145 762 411 819 CCXXX
424 763 462 817 ¹³.

204 856 328 920 (256
341 856 404 920 b.)

1528 324 1603 329 Ἀ
1710 285 1836 346 226

500 480 872 542 comparere
946 481 1076 524 non
1151 462 1475 526 curaverit
1547 459 2026 527 absolucionem
2104 468 2353 544 petere,
2421 469 2487 525 et
2547 462 2600 525 si
2663 469 2839 527 actor
2897 470 3036 529 tunc

499 565 869 630 huiusmodi
901 568 1299 631 sentenciam
1319 550 2023 632 'excommunicacionis
2071 574 2252 650 petat
2281 588 2399 650 per
2435 567 2833 633 audienciam
2862 590 3038 635 cause

501 673 862 754 aggravari,
927 672 1100 738 idem
1157 673 1455 738 dominus
1504 673 1762 739 auditor
1825 674 2037 739 facere
2108 696 2238 739 non
2303 678 2630 758 1101001111
2694 676 2829 740 sine
2888 697 3039 740 nova

504 780 954 844 commissione
1011 785 1078 844 et
1131 780 1397 862 speciali
1455 781 1699 845 domini
1755 782 1961 845 nostri
2015 802 2183 864 pape
2241 779 2568 846 mandato,
2660 780 2764 847 Sic
2808 781 3041 846 videtur

502 886 746 950 servari
791 885 1182 968 frequenter.

764 1117 876 1182 De
953 1117 1491 1199 compulsione
1566 1118 1818 1200 partis
1884 1118 1975 1182 ad
2040 1119 2664 1201 respondendum
2727 1117 3040 1200 posicio-

854 1223 1104 1288 nibu8.

674 1364 843 1429 Item
908 1365 963 1430 si
1029 1371 1209 1431 actor
1264 1372 1377 1430 aut
1439 1386 1587 1432 reus
1651 1366 1834 1450 petit,
1899 1388 2017 1450 per
2063 1369 2423 1433 auditorem
2489 1366 2787 1450 compelli
2841 1365 3041 1429 adver-

500 1473 742 1536 sarium
804 1493 991 1536 suum
1046 1472 1130 1536 ad
1184 1472 1706 1555 respondendum
1765 1473 1977 1538 medio
2034 1475 2397 1540 iuramento
2443 1472 2879 1557 posicionibus
2920 1472 3036 1535 suis

499 1584 565 1642 et
616 1578 985 1643 huiusmodi
1046 1579 1451 1643 adversarius
1509 1586 1736 1644 contra
1785 1600 1895 1645 eas
1915 1586 1938 1624 ²
2004 1583 2309 1665 excipiat,
2377 1581 2550 1663 quod
2603 1582 2734 1645 sint
2780 1578 3039 1660 imperti-

500 1692 725 1750 nentes
775 1692 917 1766 etc.,
966 1685 1440 1767 nichilominus,
1491 1708 1618 1750 non
1668 1686 2079 1751 obstantibus
2126 1687 2497 1752 huiusmodi
2546 1684 3039 1770 excepcionibuS,

498 1790 757 1856 auditor
784 1791 1130 1875 compellat
1159 1813 1306 1857 011111
1337 1812 1454 1875 per
1485 1793 1724 1857 trinam
1756 1794 2138 1858 citacionem
2179 1795 2262 1858 ad
2292 1792 2834 1877 respondendum.
2884 1790 3044 1854 Alio-

498 1898 654 1980 quin
687 1900 754 1962 in
786 1899 986 1963 tercio
1033 1905 1100 1963 et
1138 1897 1366 1963 ultimo
1414 1900 1690 1964 termino
1737 1921 1867 1963 non
1914 1898 2412 1982 respondentem
2461 1895 3043 1966 excommunicabit.

499 2002 707 2087 Quem
752 2026 881 2070 non
946 2005 1260 2086 absolvat,
1328 2006 1482 2088 quin
1547 2006 1727 2088 prius
1791 2007 2183 2090 respondeat
2237 2013 2301 2072 et
2360 2008 2533 2089 parti
2584 2005 2936 2072 satisfaciat
2977 2002 3047 2065 de

499 2112 799 2195 expensis
845 2110 1034 2176 factis
1091 2111 1430 2176 occasione
1476 2111 1846 2177 huiusmodi
1894 2113 2611 2196 excommunicacionis,
2663 2114 2718 2177 si
2763 2132 2930 2195 pars,
2975 2107 3046 2172 ad

498 2219 679 2283 cuius
744 2218 1130 2282 instanciam
1197 2219 1787 2284 excommunicatus
1855 2219 2020 2285 alter
2091 2219 2321 2301 fuerit,
2397 2219 2521 2285 hoc
2587 2225 2787 2304 petat.
2894 2216 3046 2280 Item

498 2326 738 2407 poterit
783 2324 1080 2390 dominus
1138 2325 1396 2389 auditor
1460 2325 1742 2408 aliquem
1803 2346 1917 2390 seu
1974 2325 2246 2391 alteram
2300 2328 2596 2410 parcium
2642 2324 3046 2409 litigancium‚

498 2432 747 2496 altera3
799 2432 866 2496 in
921 2431 1159 2496 iudicio
1205 2437 1486 2515 petente,
1547 2432 1602 2496 si
1648 2439 1868 2515 partes
1915 2433 2055 2516 ipse
2104 2434 2292 2498 ambe
2338 2435 2405 2497 in
2451 2434 2695 2499 iudicio
2744 2433 2873 2496 sint
2915 2450 3047 2493 con·

498 2540 742 2620 stitnte,
790 2539 979 2603 unico
1027 2539 1301 2604 termino
1356 2560 1474 2621 pro
1531 2538 1831 2603 omnibus
1889 2539 2316 2604 dilacionibus
2370 2541 2604 2623 primo,
2655 2542 2727 2604 20
2774 2546 2840 2604 et
2884 2540 2953 2601 3⁰
2995 2540 3053 2599 et

496 2623 926 2728 peremptorie
983 2650 1049 2709 et
1094 2644 1215 2709 sub
1264 2646 1953 2710 excommunicacionis
2006 2667 2177 2729 pena
2231 2667 2492 2711 monere
2539 2646 2625 2712 ad
2672 2642 3049 2728 responden-

498 2751 651 2815 dum
716 2772 830 2816 seu
892 2751 1073 2817 litem
1137 2751 1628 2817 contestandam
1650 2801 1666 2832 ,
1733 2758 1799 2817 et
1862 2752 1918 2816 si
1983 2774 2112 2817 non
2175 2752 2654 2836 respondiderit
2711 2759 2826 2817 aut
2886 2751 3049 2814 litem

499 2858 850 2923 contestari
913 2859 1328 2939 recusaverit,
1391 2859 1566 2924 licite
1633 2857 1890 2923 auditor
1953 2881 2083 2923 non
2147 2859 2651 2943 respondentem
2712 2881 2827 2926 seu
2884 2857 3051 2921 litem

498 2986 627 3029 non
676 2970 1146 3030 contestantem
1196 2964 1796 3030 excommunicabit.

766 3196 873 3260 De
919 3196 1351 3260 iuramento
1400 3195 1855 3280 calumpnie.

673 3338 841 3404 Item
889 3338 1185 3403 dominus
1219 3336 1476 3402 auditor
1519 3337 1777 3421 poterit,
1828 3339 1884 3402 si
1920 3338 2093 3420 velit,
2143 3340 2209 3402 in
2257 3340 2431 3403 omni
2475 3348 2667 3423 parte
2713 3340 2850 3404 litis
2898 3355 3051 3401 com·

496 3445 734 3529 pellere
781 3445 1053 3510 alteram
1099 3444 1391 3528 parcium
1438 3464 1551 3508 seu
1598 3444 1825 3509 ambas
1872 3452 2112 3528 parteS,
2162 3445 2217 3509 si
2264 3444 2453 3510 ambe
2499 3446 2809 3512 hincinde
2855 3443 3054 3508 volue-

494 3553 627 3616 rint
673 3573 788 3617 seu
825 3552 1032 3617 altera
1080 3572 1303 3615 earum
1346 3550 1413 3615 id
1459 3558 1663 3634 petat,
1712 3550 2058 3616 dummodo
2104 3554 2247 3635 ipse
2285 3558 2504 3634 partes
2547 3554 2617 3616 in
2647 3552 2893 3618 iudicio
2938 3550 3055 3613 sint

496 3664 850 3741 presenteS,
898 3657 982 3724 ad
1027 3656 1371 3724 iurandum
1419 3657 1499 3722 de
1546 3658 1935 3741 calumpnia,
1982 3680 2111 3723 non
2159 3659 2478 3751 obstante,
2528 3659 2704 3743 quod
2752 3658 3055 3724 terminus

496 3766 579 3830 ad
644 3766 710 3829 id
777 3766 864 3829 sit
917 3765 1196 3849 elapsus,
1257 3764 1604 3830 dummodo
1661 3787 1813 3848 pars
1872 3765 2262 3847 huiusmodi,
2320 3787 2445 3848 que
2491 3767 2586 3831 sic
2633 3765 3052 3849 compellitur,

493 3874 562 3937 in
601 3874 745 3955 ipsa
783 3893 980 3938 causa
1027 3878 1092 3937 et
1135 3871 1456 3937 instancia
1501 3893 1632 3936 non
1677 3872 1965 3956 prestitit
2017 3872 2452 3937 iuramentum
2498 3871 2896 3939 huiusmodi.
2977 3867 3058 3933 Et

496 3980 589 4043 sic
636 3978 877 4044 sufficit
922 3978 1003 4044 de
1049 3980 1262 4043 causis
1308 3979 1619 4061 predictis
1667 3979 1733 4043 in
1780 3980 1992 4062 prima
2037 3981 2378 4044 instancia.

764 4193 871 4257 De
921 4192 1268 4258 secunda
1315 4197 1392 4256 et
1437 4193 1686 4257 tercia
1732 4193 2170 4276 instancijs'.

674 4335 893 4400 Citata
947 4340 1134 4418 parte
1188 4333 1256 4398 in
1312 4334 1597 4398 secunda
1650 4335 1973 4399 instancia
2041 4335 2124 4398 ad
2189 4335 2533 4400 dicendum
2600 4341 2831 4401 contra
2895 4351 3055 4396 com-

495 4444 895 4522 missionem,
953 4447 1020 4511 et
1075 4441 1129 4505 si
1175 4462 1303 4506 non
1351 4442 1697 4524 exceperit,
1744 4441 1844 4506 vel
1892 4443 1985 4505 sic
2033 4440 2341 4506 citabitur
2396 4442 2478 4506 ad
2525 4438 2953 4507 libellandum
2997 4441 3060 4501 et

678 4639 693 4668 ¹
733 4638 871 4691 Hier
907 4636 1055 4691 fahrt
1091 4638 1182 4693 die
1218 4639 1410 4693 zweite
1449 4637 1616 4692 Hand
1655 4636 1779 4691 fort.
1947 4637 1966 4668 ‘²
2005 4637 2236 4691 Hdschr.
2276 4656 2384 4693 000.
2546 4638 2568 4669 ³
2605 4636 2844 4691 Hdschr.
2884 4633 3053 4688 alteri.
