3242 5184
131 965 250 1020 Fol.
290 971 356 1019 39
373 971 412 1019 ⁸.

1510 248 1937 308 *072-

449 382 646 490 liceat
689 423 871 490 vobis
920 444 1028 488 eos
1077 444 1225 486 cum
1270 422 1514 487 saniori
1557 428 1745 506 parte
1792 422 2059 506 capituli
2108 441 2404 487 amovere
2455 421 2745 506 ipsisque
2789 427 3008 487 trans-

452 531 646 597 eundi
692 531 776 595 ad
832 531 1031 595 alium
1086 529 1407 610 ordinem,
1463 527 1576 593 ubi
1632 528 1984 593 secundum
2040 528 2231 594 deum
2275 527 2491 593 vivere
2535 529 2739 593 velint
2783 533 2853 594 et
2897 551 3007 594 va-

449 638 646 720 leant,
696 638 852 702 dare
895 637 1226 702 licentiam
1284 642 1350 700 et
1401 636 1542 700 loco
1596 636 1887 719 ipsorum
1934 635 2094 701 alios
2149 635 2433 719 ydoneos
2480 657 2845 718 surrogare,
2893 638 3009 719 qui

448 747 648 812 etiam
700 745 891 809 unius
948 745 1101 808 anni
1159 744 1370 826 spatio
1424 743 1491 806 in
1547 747 1766 807 vestra
1813 743 2124 808 societate
2170 743 2547 827 probentur,
2608 764 2815 825 eoque
2860 765 3007 828 per-

452 858 619 934 acto,
669 853 724 916 si
752 871 962 917 mores
1010 872 1232 916 eorum
1280 849 1614 931 exegerint
1651 855 1718 914 et
1752 850 1945 914 utiles
1985 849 2225 914 fuerint
2262 849 2347 915 ad
2385 850 2729 915 servicium
2768 851 3003 917 domus

453 966 667 1025 vestre
695 959 960 1041 inventi,
994 965 1150 1023 tunc
1181 956 1439 1022 demum
1470 956 1936 1040 professionem
1967 956 1984 1045 ΙΙ
2016 956 2316 1043 [faciant]
2350 958 2712 1040 regularem
2744 959 3010 1042 promit-

449 1073 660 1132 tentes
709 1087 778 1130 se
823 1065 1211 1148 regulariter
1255 1065 1468 1128 vivere
1515 1085 1591 1128 ac
1638 1064 1951 1147 magistro
1998 1064 2258 1147 proprio
2314 1062 2597 1146 obedire,
2644 1067 2740 1129 ita
2786 1071 3011 1131 tamen

450 1172 623 1258 quod
682 1173 955 1237 eundem
1009 1171 1340 1236 vobiscum
1386 1171 1628 1234 victum
1682 1170 1970 1235 habeant
2027 1177 2093 1234 et
2147 1171 2457 1236 vestitum
2514 1192 2765 1236 necnon
2822 1173 3008 1238 lecti-

449 1281 726 1362 sternia,
793 1279 915 1344 hoc
980 1283 1246 1361 excepto
1304 1276 1476 1358 quod
1534 1276 1758 1341 clausa
1811 1278 2199 1342 vestimenta
2254 1278 2648 1361 portabunt,
2718 1279 2833 1344 sed
2886 1302 3012 1345 nec

449 1389 609 1472 ipsis
674 1387 869 1451 liceat
933 1384 1012 1450 de
1077 1384 1361 1468 capitulo
1426 1383 1527 1447 vel
1593 1404 1749 1448 cura
1798 1383 2040 1449 domus
2101 1390 2313 1449 vestre
2368 1406 2438 1450 se
2502 1391 2746 1450 temere
2805 1387 3010 1453 intro-

448 1496 745 1576 mittere,
803 1493 931 1558 nisi
978 1497 1293 1575 quantum
1338 1490 1537 1555 fuerit
1582 1491 1675 1555 eis
1724 1512 1763 1554 a
1807 1490 1990 1556 vobis
2035 1492 2434 1574 iniunctum,
2500 1497 2802 1575 preterea
2846 1494 3014 1559 nulli

449 1621 722 1687 persone
790 1603 973 1665 extra
1029 1604 1315 1663 vestrum
1371 1596 1727 1681 capitulum
1783 1598 1913 1662 sint
1969 1598 2242 1664 subiecti
2296 1599 2582 1693 tibique,
2653 1599 2888 1666 dilecte
2942 1602 3016 1665 in

452 1708 708 1774 domino
762 1705 855 1770 fili
915 1706 1252 1787 magister,
1308 1705 1568 1786 tuisque
1626 1704 2107 1769 successoribus
2167 1712 2501 1789 tamquam
2565 1708 2878 1790 magistro
2945 1716 3021 1773 et

450 1814 702 1899 prelato
769 1834 884 1877 suo
952 1811 1247 1876 deferant
1304 1810 1658 1875 secundum
1713 1811 1911 1875 vestri
1967 1811 2210 1877 ordinis
2278 1818 2544 1878 statuta.
2657 1814 3018 1880 Consecra-

449 1922 659 1987 tiones
705 1940 856 1985 vero
904 1919 1209 1983 altarium
1256 1939 1371 2008 seu
1428 1917 1865 2000 basilicarum,
1924 1918 2361 1985 ordinationes
2419 1920 2825 2003 clericorum,
2895 1925 3018 2005 qui

452 2029 534 2094 ad
583 2048 800 2092 sacros
850 2026 1107 2091 ordines
1152 2024 1396 2089 fuerint
1438 2025 1876 2107 promovendi,
1925 2031 1994 2090 et
2038 2032 2257 2091 cetera
2303 2027 2744 2093 ecclesiastica
2790 2049 3017 2093 sacra-

450 2140 671 2199 menta
717 2155 757 2198 a
803 2132 1183 2216 dyocesanis
1231 2131 1597 2215 suscipietis
1647 2132 1986 2216 episcopiS,
2037 2133 2357 2215 siquidem
2412 2133 2713 2200 catholici
2768 2134 3022 2200 fuerint

451 2247 517 2306 et
569 2241 848 2326 gratiam
904 2245 1027 2304 etc.
1086 2259 1293 2320 usque
1352 2236 1676 2302 exhibere.
1769 2238 2078 2322 Alioquin
2132 2240 2329 2305 liceat
2381 2240 2564 2306 vobis
2620 2246 2741 2306 etc.
2802 2263 3018 2324 usque

449 2347 803 2431 impendat.
916 2345 986 2411 Si
1032 2345 1291 2428 quando
1348 2365 1500 2410 vero
1555 2346 1700 2410 loca
1766 2345 2023 2411 deserta
2077 2345 2319 2411 suerint
2382 2347 2590 2412 eidem
2654 2349 3018 2414 venerabili

452 2455 673 2520 domui
719 2454 802 2519 ab
851 2452 1069 2535 aliquo
1116 2453 1226 2536 pia
1264 2452 1604 2517 devotione
1643 2452 1901 2535 collata,
1948 2454 2145 2517 liceat
2187 2453 2369 2519 vobis
2415 2453 2659 2518 ibidem
2706 2453 3016 2520 edificare

451 2562 660 2644 villas,
709 2560 1018 2625 ecclesias
1078 2564 1145 2623 et
1189 2559 1508 2623 cimiteria
1566 2558 1650 2622 ad
1706 2581 1867 2643 opus
1922 2559 2255 2625 hominum
2308 2560 2551 2625 ibidem
2606 2562 3016 2626 manentium

451 2667 800 2748 fabricare,
855 2667 952 2731 ita
998 2671 1218 2730 tamen
1262 2671 1338 2729 ut
1382 2666 1451 2728 in
1495 2665 1733 2729 vicinia
1787 2666 1901 2730 illa
1956 2665 2232 2731 abbacia
2277 2668 2378 2731 vel
2422 2666 2871 2749 religiosorum
2917 2668 3013 2732 vi-

449 2795 673 2839 rorum
718 2773 1057 2855 collegium
1111 2793 1240 2836 non
1288 2772 1553 2854 existat,
1611 2794 1737 2854 que
1794 2772 1876 2837 ob
1930 2772 2053 2837 hoc
2097 2772 2315 2838 valeat
2358 2773 2752 2857 perturbari.
2847 2773 3016 2839 Cum

454 2886 674 2944 autem
711 2884 883 2945 terre
916 2879 1087 2944 culte
1132 2878 1314 2944 vobis
1363 2878 1656 2960 quolibet
1699 2879 1871 2945 iusto
1917 2879 2110 2945 titulo
2149 2879 2579 2962 conferentur,
2627 2879 3015 2945 facultatem

454 2992 521 3052 et
555 2985 886 3050 licentiam
923 2985 1221 3050 habeatis
1258 2984 1502 3048 ibidem
1541 2985 1624 3049 ad
1663 3007 1823 3069 opus
1854 2987 2328 3051 transeuntium
2368 2991 2434 3051 et
2470 3007 2689 3052 eorum
2727 2991 3009 3068 tantum,

454 3094 566 3177 qui
613 3092 692 3156 de
739 3113 966 3156 mensa
1009 3096 1226 3156 vestra
1270 3090 1539 3172 fuerint,
1599 3093 2015 3157 construendi
2063 3094 2350 3158 oratoria
2405 3098 2471 3157 et
2529 3094 2852 3158 cimiteria
2912 3093 3010 3158 fa-

452 3199 684 3265 ciendi.
776 3198 901 3263 Est
964 3198 1134 3262 enim
1197 3197 1502 3263 indecens
1559 3203 1626 3262 et
1681 3200 1966 3281 periculo
2032 3201 2394 3282 proximum
2451 3200 2814 3264 animarum
2860 3201 3009 3264 reli-

451 3307 665 3390 giosos
713 3305 946 3369 fratres
995 3306 1329 3370 occasione
1378 3304 1673 3369 adeunde
1721 3306 1989 3370 ecclesie
2037 3328 2105 3370 se
2152 3308 2433 3371 virorum
2489 3305 2700 3370 turbis
2758 3313 2823 3371 et
2869 3328 3009 3371 mu-

450 3415 681 3478 lierum
735 3412 1138 3494 frequentie1
1186 3411 1567 3476 immiscere.
1664 3409 2070 3494 Quicumque
2126 3433 2283 3477 sane
2345 3414 2413 3476 in
2468 3418 2683 3478 vestro
2740 3414 3007 3496 collegio

453 3520 915 3603 suscipientur,
977 3518 1403 3582 stabilitatem
1458 3519 1612 3601 loci,
1673 3520 2154 3584 conversionem
2209 3541 2460 3584 morum
2517 3540 2716 3601 seque
2769 3520 3008 3585 milita-

451 3633 633 3692 turos
681 3626 938 3690 domino
987 3624 1214 3689 diebus
1263 3625 1392 3688 vite
1441 3646 1554 3689 sue
1602 3625 1723 3689 sub
1771 3625 2141 3708 obedientia
2187 3626 2483 3709 magistri
2530 3627 2749 3709 vestri,
2796 3628 3010 3709 posito

453 3734 692 3816 scripto
734 3753 928 3814 super
964 3731 1192 3811 altare,
1242 3732 1307 3794 in
1355 3753 1481 3813 quo
1530 3733 1984 3796 contineantur
2018 3733 2166 3814 ista,
2215 3734 2617 3816 promittant.
2702 3733 3010 3798 Decerni-

452 3863 593 3905 mus
660 3861 840 3921 erg0,
896 3844 973 3903 ut
1026 3843 1391 3920 receptores
1447 3843 1811 3903 vestrarum
1866 3838 2348 3904 fraternitatum
2405 3840 2536 3903 sive
2592 3839 3009 3905 collectarum

452 3953 573 4012 etc.
625 3946 801 4011 salvo
859 3946 999 4009 iure
1065 3944 1469 4009 dominorum
1526 3966 1816 4027 suorum,
1871 3947 1940 4009 in
1995 3945 2171 4010 beati
2225 3946 2405 4011 Petri
2462 3953 2530 4011 et
2581 3953 2807 4011 nostra
2862 3970 3008 4032 pro-

453 4054 734 4120 tectione
799 4053 1159 4118 consistant
1221 4057 1287 4115 et
1349 4072 1510 4134 pace
1574 4052 1642 4115 in
1705 4053 1937 4134 terrie,
2004 4053 2237 4135 quibus
2301 4052 2578 4135 fuerint,
2644 4054 3006 4136 pociantur.

455 4161 667 4227 Simili
713 4181 969 4242 quoque
1017 4158 1206 4223 modo
1255 4158 1599 4240 sancimuS,
1649 4164 1724 4223 ut
1777 4158 1926 4242 hijs,
1976 4160 2086 4241 qui
2127 4160 2365 4225 fuerint
2409 4161 2478 4223 in
2513 4166 2733 4225 vestra
2777 4160 3007 4226 frater-

451 4270 658 4333 nitate
710 4266 993 4349 recepti,
1040 4266 1136 4329 ita
1194 4266 1365 4348 quod
1421 4264 1632 4330 ordini
1687 4272 1923 4348 vestro,
1981 4266 2192 4331 adhuc
2246 4272 2580 4331 manentes
2643 4269 2711 4331 in
2768 4268 3005 4348 seculo,

451 4376 583 4440 sint
651 4373 854 4439 oblati
915 4377 1165 4438 mutato
1229 4372 1454 4437 habito
1521 4372 1799 4437 seculari
1859 4372 1994 4438 vel.
2016 4373 2199 4438 vobis
2254 4373 2426 4439 inter
2478 4374 2656 4439 vivos
2712 4374 3009 4440 dederint

631 4606 647 4640 ¹
686 4605 921 4662 Hdschr.
947 4605 1257 4678 frequentie
1282 4622 1355 4660 se.
