3242 5184
1395 301 1885 362 —228—

370 476 628 542 auditor
690 476 1006 542 deliberet
1068 475 1150 541 ad
1215 477 1612 541 sentenciam
1674 475 2224 540 interlocutoriam
2291 472 2637 537 ferendam.
2731 470 2822 535 Et
2877 472 2934 535 si

370 584 892 667 pronunciaverit
946 584 1109 648 bene
1166 582 1582 667 appellatum,
1644 603 1843 647 causa
1897 582 2023 647 sibi
2067 579 2521 664 pronuncianti
2568 585 2633 643 et
2677 579 2929 662 negocij

369 690 745 774 principalis
793 690 882 776 [9]
931 690 1103 774 apud
1151 712 1298 755 eum
1343 689 1725 755 remanebit.
1821 689 1889 755 Si
1936 695 2152 754 autem
2198 687 2722 770 pronunciaverit
2761 684 2945 750 male'
2999 728 3006 731 -

371 796 788 880 appellatum,
838 819 1102 862 causam
1147 799 1437 862 remittet
1483 796 1693 879 primo
1741 795 2042 876 auditori,
2092 817 2132 860 a
2178 817 2305 878 quo
2352 794 2476 858 fuit
2511 792 2932 876 appellatum.

372 902 438 968 Si
472 902 555 968 ab
585 902 956 969 huiusmodi
985 903 1489 988 interlocutorijs
1539 902 1905 986 appellatur
1947 908 2014 967 et
2043 902 2283 967 tercius
2316 901 2574 966 auditor
2618 905 2691 963 ut
2727 898 2898 963 alius
2915 904 2937 942 1

370 1011 845 1095 pronunciabit,
895 1032 1159 1076 causam
1202 1012 1493 1076 remittet
1512 1016 1537 1054 2
1583 1010 1898 1075 similiter.

640 1241 854 1323 Quod
901 1262 1129 1307 cause
1175 1242 1271 1306 ad
1318 1241 1710 1325 palacium
1757 1241 2085 1306 deducte
2132 1263 2279 1305 non
2325 1240 2841 1304 remittantur.

549 1401 716 1469 Item
756 1401 1038 1484 attende,
1088 1423 1482 1485 quamquam
1530 1403 1997 1485 pronunciatur
2041 1422 2159 1484 per
2204 1400 2536 1466 dominum
2575 1400 2938 1464 auditorem

374 1531 627 1575 camere
666 1509 1016 1593 apostolice
1056 1530 1170 1574 seu
1198 1509 1698 1574 mareschallum
1717 1513 1742 1553 3
1762 1507 1931 1573 dicte
1950 1507 2244 1572 Romane
2277 1509 2453 1571 curie
2484 1507 2650 1572 bene
2680 1527 2939 1589 proces-

375 1639 516 1681 sum
549 1622 615 1681 et
652 1616 734 1681 ab
769 1638 844 1682 eo
876 1617 1045 1681 male
1077 1616 1495 1700 appellatum,
1535 1622 1755 1681 tamen
1786 1636 2120 1698 nunquam
2153 1614 2234 1679 ad
2266 1614 2412 1678 illos
2445 1614 2545 1679 vel
2579 1635 2802 1678 eorum
2823 1612 2940 1678 ali-

375 1745 567 1806 quem
624 1746 833 1806 neque
888 1722 971 1788 ad
1019 1723 1260 1788 similes
1317 1722 1567 1788 iudices
1623 1744 2042 1806 quoscunque
2092 1727 2275 1786 extra
2321 1728 2532 1785 rotam
2578 1720 2944 1805 predictam

375 1852 574 1895 causa
618 1831 1004 1912 remittatur,
1055 1830 1170 1894 sed
1217 1829 1300 1894 ad
1345 1828 1537 1894 finem
1587 1852 1703 1895 sue
1749 1829 2176 1912 expeditionis
2222 1829 2291 1892 in
2336 1826 2589 1911 palacio
2626 1832 2945 1911 perpetuo

374 1936 765 2019 remanebit,
821 1938 948 2001 nisi
1003 1943 1160 2001 tunc
1207 1935 1504 2001 dominus
1553 1959 1726 2020 papa
1771 1935 2065 2001 fortassis
2114 1935 2196 2000 ad
2244 1956 2314 1999 se
2361 1934 2539 1998 illam
2585 1940 2946 2015 revocaret,

376 2044 548 2126 quod
595 2066 742 2109 raro
789 2043 883 2125 fit,
933 2049 998 2108 et
1043 2043 1254 2108 denuo
1301 2064 1379 2108 ex
1428 2051 1606 2108 certa
1663 2044 1945 2107 sciencia
1991 2048 2175 2107 extra
2210 2040 2580 2105 huiusmodi
2616 2040 2948 2124 palacium

375 2151 710 2215 terminari
757 2150 953 2215 vellet
997 2148 1290 2215 eandem.

644 2452 659 2457 ,
732 2382 843 2447 De
889 2381 1398 2447 absolucione
1437 2381 1531 2446 ad
1579 2380 1958 2446 cautelam
2008 2387 2082 2445 et
2127 2380 2606 2463 simpliciter.

555 2541 784 2606 Nullus
841 2542 1226 2624 absolvitur,
1285 2543 1411 2606 nisi
1466 2541 1798 2626 productis
1852 2541 2102 2606 iuribus
2158 2540 2240 2605 ad
2295 2539 2359 2604 id
2421 2539 2808 2604 facientibus
2871 2562 2954 2604 ac

379 2649 548 2732 parti
604 2648 792 2713 alteri
824 2650 1178 2731 -assignato
1234 2650 1509 2714 termino
1567 2649 1651 2714 ad
1699 2648 2042 2713 dicendum
2091 2653 2317 2713 contra
2362 2646 2730 2735 huiusmodi
2777 2647 2949 2711 iura.

378 2755 560 2820 Idem
597 2754 732 2836 fiat,
783 2757 837 2820 si
874 2777 991 2840 per
1029 2756 1432 2821 audienciam
1466 2754 2013 2820 contradictarum
2044 2755 2454 2837 procedatur.
2547 2753 2714 2818 Item
2752 2775 2951 2818 nemo

378 2862 757 2946 simpliciter
802 2862 1178 2944 absolvitur,
1226 2864 1351 2926 nisi
1398 2863 1575 2945 prius
1624 2861 1935 2946 depositis
1994 2868 2109 2926 aut
2163 2861 2434 2926 sublatis
2482 2882 2598 2945 per
2644 2882 2792 2925 eum
2839 2882 2953 2925 ex-

378 2971 596 3053 pensis
643 2969 831 3034 1301318
881 2971 1218 3034 occasione
1264 2968 1632 3034 huiusmodi
1680 2969 2388 3034 excommunicacionis

644 3201 754 3267 De
799 3200 1478 3285 appellacionibus
1524 3200 2132 3284 interponendis

554 3361 721 3427 Item
777 3361 1237 3445 appellandum
1292 3367 1392 3426 est
1443 3361 1614 3426 infra
1668 3360 1734 3426 X
1791 3361 1929 3426 dies
1994 3384 2034 3426 a
2079 3360 2371 3444 qualibet
2417 3359 2759 3424 diffinitiva
2804 3381 2955 3424 sen-

376 3470 594 3534 tencia
655 3491 769 3534 seu
823 3469 1332 3550 interlocutoria,
1393 3475 1459 3534 et
1513 3469 1567 3533 si
1614 3490 1745 3534 non
1792 3467 2175 3552 appelletur,
2227 3468 2568 3532 sentencia·
2599 3468 2838 3531 transit
2881 3468 2954 3531 in

377 3597 515 3640 rem
552 3574 924 3657 iudicatam,
970 3577 1096 3639 nisi
1133 3582 1289 3640 tunc
1330 3577 1504 3641 iusta
1549 3597 1747 3640 causa
1793 3596 1908 3640 seu
1953 3574 2349 3640 racionabile
2379 3574 2957 3657 impedimentum4

378 3682 608 3763 subsit,
670 3688 736 3747 et
788 3689 943 3747 tunc
997 3704 1114 3766 per
1169 3681 1552 3748 beneficium
1608 3681 1853 3747 domini
1911 3683 2117 3747 nostri
2162 3703 2329 3765 pape
2376 3681 2595 3745 taliter
2639 3680 2957 3763 impedito

377 3789 649 3854 forsitan
696 3788 1136 3854 subvenietur:
1189 3789 1350 3854 alias
1411 3810 1604 3871 super
1650 3789 1771 3854 hoc
1817 3810 1946 3853 non
1994 3788 2273 3854 auditur.
2367 3787 2564 3869 Item,
2613 3789 2668 3851 si
2715 3787 2956 3870 aliquis

378 3895 709 3980 appellare
764 3895 1058 3976 voluerit,
1117 3898 1173 3960 si
1228 3895 1603 3979 principalis
1661 3896 2063 3978 litigancium
2118 3917 2248 3960 non
2295 3895 2553 3975 existat,
2602 3892 2954 3976 oportebit,

377 4002 551 4085 quod
598 4002 680 4067 de
727 4024 842 4068 suo
875 4004 1318 4085 procuratorio
1366 4002 1597 4067 doceat
1642 4001 2064 4084 sufficienter,
2124 4008 2189 4066 et
2236 4003 2289 4066 si
2336 4002 2634 4065 dominus
2694 4000 2959 4065 auditor

376 4109 560 4174 illum
617 4109 1053 4194 appellantem
1110 4109 1396 4173 admittit
1452 4116 1519 4173 et
1573 4109 1633 4173 ei
1687 4109 2134 4191 respondebit,
2199 4115 2273 4172 ut
2318 4107 2441 4172 sibi
2489 4107 2813 4173 videbitur
2859 4106 2954 4171 fa-

380 4217 700 4298 ciendum,
751 4216 834 4281 ab
880 4214 1368 4280 interlocutoria
1414 4216 1479 4279 in
1527 4217 1787 4300 scriptis
1837 4222 1951 4281 aut
1994 4218 2136 4281 vive
2182 4215 2357 4280 vocis
2406 4216 2667 4280 oraculo
2713 4215 2958 4298 poterit

380 4324 728 4408 appellare.

559 4573 577 4604 ¹
615 4574 791 4628 alter?
923 4575 944 4605 ²
979 4574 1327 4631 remittetur?
1459 4574 1481 4605 ³
1518 4572 1715 4627 Hsehr.
1744 4574 2105 4629 mareschalli.
2241 4574 2261 4604 ⁴
2303 4573 2458 4628 Nach
2492 4572 2949 4642 impedimentum

378 4664 450 4716 ist
486 4660 727 4718 sufficiat
761 4663 936 4719 durch
968 4663 1482 4733 Uuterpunktieren
1515 4662 1731 4733 getilgt.
