3242 5184
191 2704 308 2759 Fol.
350 2710 416 2758 35
428 2712 466 2756 ⁸.

1575 303 2015 365 —64-

515 462 859 528 mutabilia
938 461 1134 527 corda
1211 484 1339 527 non
1414 462 1772 546 approbat,
1848 460 1962 526 sed
2034 462 2251 544 potius
2324 482 2581 526 sacrum
2661 462 3083 546 propositum

516 569 715 634 semel
758 570 1087 653 inceptum
1132 567 1398 652 perduci
1444 569 1586 633 vult
1629 588 1836 650 usque
1882 568 1967 632 ad
2012 566 2203 632 finem
2253 567 2470 634 debite
2517 569 2810 634 actionis.
2895 566 3083 650 Quot

515 682 581 740 et
636 676 864 758 quanti
928 676 1048 740 sub
1112 675 1381 740 militari
1437 673 1693 756 cingulo
1750 679 1816 738 et
1871 673 2144 739 clamide
2200 676 2442 740 terreni
2498 675 2749 759 imperij
2811 674 3084 741 domino

512 783 896 866 placuerunt
927 783 1182 865 sibique
1211 781 1586 846 memoriale
1615 786 2002 864 perpetuum
2033 781 2465 863 reliquerunt!
2533 779 2709 863 Quot
2738 787 2806 846 et
2837 783 3077 865 quanti

513 890 580 953 in
627 889 825 954 armis
871 889 1120 954 bellicis
1159 889 1496 955 constituti
1525 910 1645 971 pro
1682 892 2075 953 testamento
2122 887 2229 953 dei
2274 893 2342 952 et
2384 894 2805 971 paternarum
2851 888 3081 972 legum

513 996 885 1062 defensione
932 997 1067 1060 suis
1112 995 1514 1080 temporibus
1562 994 1817 1060 fortiter
1865 995 2258 1059 dimicarunt
2303 1002 2501 1078 atque
2538 1017 2770 1060 manus
2801 1015 2962 1060 suas
3011 996 3082 1058 in

514 1104 827 1187 sanguine
873 1101 1229 1168 infidelium
1270 1103 1527 1168 domino
1566 1107 2020 1167 consecrantes
2056 1107 2207 1184 post
2241 1102 2508 1167 bellicos
2542 1102 2810 1167 sudores
2850 1108 3079 1166 eterne

511 1211 641 1276 vite
661 1209 959 1274 bravium
978 1216 1130 1274 sunt
1148 1209 1396 1293 adepti!
1436 1208 1670 1274 Videte
1686 1210 1910 1291 itaque
1929 1210 2329 1274 vocationem
2350 1214 2656 1292 vestram,
2677 1207 2915 1274 fratres
2935 1214 3081 1273 tam

511 1317 751 1381 milites
784 1337 977 1398 quam
1013 1318 1384 1398 servientes,
1428 1322 1626 1398 atque
1666 1316 1851 1380 iuxta
1891 1316 2255 1400 apostolum
2284 1316 2729 1398 unusquisque
2760 1321 3077 1397 vestrum,

511 1424 578 1487 in
624 1444 755 1505 qua
800 1424 1136 1489 vocatione
1192 1429 1458 1490 vocatus
1506 1429 1634 1504 est,
1693 1423 1759 1485 in
1807 1443 1885 1486 ea
1929 1429 2327 1506 permaneat.
2421 1422 2707 1505 Ideoque
2754 1422 3078 1487 fratribus

512 1531 745 1594 vestris
804 1532 1001 1595 semel
1057 1530 1304 1596 devotis
1360 1536 1558 1612 atque
1611 1530 1681 1592 in
1736 1549 1920 1594 sacro
1985 1530 2254 1612 collegio
2316 1534 2533 1594 vestro
2588 1530 2868 1613 receptis
2921 1536 3080 1613 post

513 1636 753 1702 factam
800 1637 867 1701 in
914 1643 1130 1702 vestra
1173 1637 1410 1702 militia
1453 1635 1918 1719 professionem
1975 1643 2041 1700 et
2091 1636 2390 1701 habitum
2443 1636 2771 1718 religionis
2820 1657 3077 1701 assum·

510 1749 694 1828 ptum
770 1742 1136 1809 revertendi
1204 1743 1288 1808 ad
1355 1745 1644 1808 seculum
1713 1763 1855 1807 esse
1931 1743 2377 1808 interdicimus
2443 1741 2543 1807 fas
2559 1742 2610 1824 ¹,
2687 1763 2807 1807 nec
2873 1742 3081 1807 alicui

512 1872 733 1915 eorum
778 1850 877 1915 fas
925 1852 1012 1915 sit
1062 1856 1213 1935 post
1258 1850 1497 1915 factam
1542 1848 2028 1934 professionem,
2079 1850 2277 1915 semel
2326 1851 2767 1934 assumptam²
2812 1869 3080 1913 crucem

513 1957 903 2022 dominicam
969 1963 1035 2021 et
1094 1956 1390 2022 habitum
1454 1961 1669 2022 vestre
1739 1956 2157 2039 professionis
2222 1955 2478 2021 abicere
2542 1957 2645 2021 vel
2714 1956 2799 2021 ad
2868 1954 3079 2019 alium

509 2063 723 2128 locum
770 2085 885 2129 seu
931 2065 1130 2129 etiam
1174 2065 1667 2144 monasterium,
1724 2063 1988 2128 maioris
2044 2063 2177 2128 sive
2233 2063 2501 2129 minoris
2568 2062 2899 2147 religionis
2956 2060 3078 2125 ob-

509 2175 715 2252 tentu,
763 2171 982 2236 invitis
1016 2172 1149 2236 sive
1187 2170 1568 2236 inconsultis
1606 2168 1921 2233 fratribus
1959 2175 2074 2234 aut
2112 2190 2210 2251 eo,
2260 2170 2372 2252 qui
2408 2170 2721 2252 magister
2757 2168 3076 2247 extiterit,

509 2276 704 2342 liceat
756 2278 1255 2359 transmigrare,
1318 2278 1608 2360 nullique
1668 2275 2105 2369 ecclesiastice
2164 2275 2520 2342 secularive
2570 2297 2844 2361 persone
2888 2275 3077 2358 ipsos

511 2385 838 2467 suscipere
883 2384 1080 2448 liceat
1123 2385 1224 2449 vel
1262 2391 1502 2450 tenere.
1581 2383 1751 2448 Sane
1788 2382 2085 2448 laborum
2122 2388 2481 2448 vestrorum
2522 2383 2602 2449 de
2639 2382 3075 2467 possessioni-

508 2489 631 2556 bus
694 2489 936 2555 habitis
1003 2496 1153 2555 ante
1219 2493 1559 2557 consilium
1623 2489 1960 2573 generale,
2028 2511 2191 2572 quas
2246 2490 2526 2574 propriis
2586 2489 2885 2554 manibus
2951 2494 3078 2552 aut

509 2597 874 2681 sumptibus
921 2599 1154 2681 colitis,
1203 2599 1336 2663 sive
1375 2599 1454 2663 de
1492 2597 1905 2662 nutrimentis
1953 2601 2313 2661 vestrorum
2361 2597 2736 2662 animalium
2773 2595 2990 2660 nullus
3036 2617 3078 2660 a

508 2704 690 2769 vobis
740 2704 1024 2770 decimas
1072 2706 1327 2789 exigere
1374 2705 1474 2770 vel
1522 2710 1905 2786 extorquere
1962 2708 2313 2786 presumat.
2353 2704 2370 2792 3}
2408 2703 2711 2768 Ceterum
2759 2702 3075 2785 decimaS,

508 2832 670 2893 quas
719 2811 986 2876 consilio
1035 2820 1100 2878 et
1146 2834 1417 2877 assensu
1464 2813 1912 2896 episcoporum
1969 2808 2050 2874 de
2103 2830 2300 2873 manu
2357 2810 2736 2876 clericorum
2782 2811 2884 2875 vel
2929 2809 3074 2893 lay-

508 2939 729 2983 corum
773 2918 1016 2984 habere
1062 2919 1392 3003 poteritiS,
1440 2918 1586 2982 illas
1636 2918 1863 2999 etiam,
1923 2939 2086 2999 quas
2134 2916 2694 2982 consencientibus
2742 2917 3073 3001 episcopis

509 3025 610 3089 vel
656 3046 880 3089 eorum
927 3026 1178 3090 clericis
1245 3025 1623 3107 acquiretis,
1692 3024 2082 3089 auctoritate
2138 3028 2365 3088 nostra
2420 3024 2781 3107 apostolica
2836 3021 3073 3089 confir-

505 3152 777 3196 mamus.
870 3130 962 3197 Ut
1007 3137 1224 3198 autem
1269 3130 1451 3196 vobis
1500 3131 1583 3195 ad
1633 3152 1855 3195 curam
1902 3132 2264 3195 animarum
2311 3136 2673 3194 vestrarum
2720 3134 2787 3194 et
2834 3130 3069 3194 salutis

504 3236 970 3319 plenitudinem
1025 3237 1222 3302 nichil
1278 3236 1447 3302 desit
1501 3244 1698 3321 atque
1755 3236 2196 3302 ecclesiastica
2253 3241 2664 3301 sacramenta
2728 3242 2795 3301 et
2847 3235 3071 3300 divina

505 3342 719 3409 officia
782 3349 996 3410 vestro
1063 3365 1246 3409 sacro
1312 3344 1581 3427 collegio
1647 3344 2043 3410 commodius
2109 3343 2566 3425 exhibeantur,
2625 3342 2820 3407 simili
2873 3341 3069 3407 modo

505 3453 850 3535 sancimus,
899 3457 973 3515 ut
1016 3452 1212 3516 liceat
1259 3451 1440 3516 vobis
1487 3451 1792 3517 honestos
1840 3451 2107 3517 clericos
2165 3457 2229 3514 et
2292 3450 2662 3515 sacerdotes
2710 3447 3070 3514 secundum

504 3558 724 3641 deum,
782 3563 1097 3641 quantum
1154 3557 1236 3623 ad
1293 3563 1576 3622 vestram
1635 3559 2010 3638 scienciam,
2071 3556 2404 3622 ordinatos
2464 3556 2918 3637 undecumque
2984 3555 3070 3619 ad

502 3688 615 3731 vos
662 3666 991 3731 venientes
1036 3666 1105 3728 in
1150 3663 1387 3729 fratres
1436 3666 1763 3748 suscipere
1812 3670 1876 3729 et
1921 3669 2057 3728 tam
2103 3665 2171 3727 in
2216 3663 2561 3748 principali
2610 3661 2799 3727 domo
2847 3667 3069 3726 vestra

503 3793 697 3854 quam
746 3772 952 3836 eciam
998 3771 1064 3835 in
1112 3771 1497 3855 obedientijs
1547 3777 1612 3837 et
1657 3771 1816 3837 locis
1865 3772 2142 3837 subditis
2190 3772 2521 3837 vobiscum
2566 3769 2832 3850 habere,
2884 3768 3065 3833 dum-

501 3878 712 3961 modo,
763 3879 817 3942 si
865 3899 899 3943 e
945 3879 1154 3945 vicino
1204 3879 1352 3960 sint,
1403 3900 1511 3943 eos
1560 3901 1599 3943 a
1644 3879 1924 3962 proprijs
1972 3878 2290 3962 episcopis
2347 3877 2687 3961 expetatis,
2735 3875 3066 3959 ijdemque

501 3984 661 4049 nulli
709 3985 817 4069 alij
868 3984 1254 4068 professioni
1308 3985 1410 4049 vel
1457 3984 1666 4051 ordini
1720 3983 1978 4068 obnoxij
2030 3990 2394 4050 teneantur.
2482 3981 2728 4065 Quodsi
2777 3982 3066 4066 episcopi

502 4091 760 4157 eosdem
808 4091 990 4157 vobis
1037 4090 1386 4157 concedere
1434 4090 1599 4155 forte
1648 4090 1991 4174 noluerint,
2040 4090 2493 4156 nichilominus
2541 4097 2761 4154 tamen
2802 4089 3065 4153 eosdem

502 4197 897 4282 suscipiendi
935 4203 1001 4263 et
1036 4196 1358 4263 retinendi
1397 4199 1786 4263 auctoritate
1826 4203 2048 4262 sancte
2083 4197 2378 4262 Romane
2416 4196 2686 4261 ecclesie
2732 4195 3063 4260 licentiam

498 4304 818 4371 habeatis,
904 4304 975 4370 Si
1021 4325 1170 4370 vero
1209 4304 1413 4387 aliqui
1448 4304 1683 4370 horum
1720 4310 1870 4388 post
1904 4304 2147 4369 factam
2183 4302 2654 4386 professionem
2691 4300 3063 4377 turbatores

498 4412 827 4496 religionis
892 4416 1105 4477 vestre
1170 4416 1285 4475 aut
1348 4410 1575 4477 domus
1642 4412 1743 4476 vel
1806 4411 2072 4476 inutiles
2138 4409 2381 4475 fuerint
2443 4408 2739 4474 fortassis
2796 4407 3062 4487 inventi,

679 4663 694 4694 ¹
718 4662 1024 4716 Handschr.
1052 4661 1155 4716 fac.
1212 4660 1447 4716 Danach
1466 4662 1557 4715 ein
1582 4660 2092 4716 unverstandliches
2118 4660 2281 4730 quod.
2383 4659 2405 4691 ²
2440 4658 2675 4713 Hdscbr.
2701 4663 3059 4728 assumptum.
