3242 5184
119 1295 236 1349 Fol.
276 1296 389 1348 301‘.

1478 238 1917 299 w5ssw

435 417 670 501 quibus
730 415 1068 482 novalibus
1135 414 1372 497 aliquis
1434 412 1749 477 hactenus
1814 435 1940 478 non
1988 414 2296 498 percepit,
2365 414 2496 478 sive
2562 414 2642 480 de
2698 414 2856 480 ortis
2932 419 3011 478 et

433 523 729 606 virgultis
807 528 872 587 et
944 519 1421 605 piscacionibus
1496 519 1730 585 vestris
1806 520 1908 585 vel
1984 519 2064 584 de
2126 520 2541 585 nutrimentis
2608 521 3007 585 animalium

434 636 813 712 vestrorum,
862 629 1078 694 nullus
1125 649 1166 692 a
1210 627 1394 693 vobis
1442 627 1727 693 decimas
1775 628 2031 710 exigere
2061 627 2164 692 vel
2201 633 2585 710 extorquere
2631 634 3002 713 presumat.

434 738 809 803 Adicientes
868 757 1125 819 quoque
1174 736 1538 816 statuimus,
1589 740 1663 798 ut
1707 733 1878 799 infra
1923 733 2258 799 dimidiam
2302 734 2560 820 leugam
2606 756 2646 799 a
2691 735 3008 800 terminis

433 845 917 930 possessionum
977 847 1340 908 vestrarum
1418 841 1579 906 nulli
1642 841 1942 924 religioso
2003 841 2201 905 liceat
2263 841 2599 924 quodlibet
2661 842 3009 909 edificium

436 957 809 1018 construere
855 950 956 1014 vel
1000 949 1440 1032 possessiones
1488 948 1845 1031 acquirere,
1887 949 2055 1012 sicut
2100 948 2311 1013 ordini
2357 953 2572 1014 vestro
2620 949 2859 1014 dicitur
2908 950 3006 1014 ab

436 1058 794 1142 apostolica
833 1056 984 1122 sede
1018 1077 1411 1122 concessum.
1505 1054 2038 1121 Consecrationes
2070 1076 2220 1120 vero
2253 1056 2560 1121 altarium
2608 1078 2721 1121 seu
2766 1056 3006 1121 basili-

436 1187 678 1246 carum,
728 1163 1165 1229 ordinationes
1212 1163 1610 1241 clericorum,
1659 1163 1771 1245 qui
1817 1162 1900 1227 ad
1947 1161 2205 1228 ordines
2260 1162 2500 1227 fuerint
2551 1163 3005 1248 promovendi,

438 1273 455 1362 Η
511 1294 550 1336 a
615 1272 974 1355 dyocesano
1040 1269 1409 1353 suscipiatis
1475 1269 1798 1352 episcopo,
1866 1268 2183 1352 siquidem
2247 1268 2603 1335 catholicus
2665 1270 2863 1335 fuerit
2934 1277 3009 1336 et

435 1378 761 1463 graciaml
809 1383 1005 1460 atque
1037 1377 1551 1443 communionem
1597 1374 1951 1460 apostolice
2010 1374 2180 1440 sedis
2226 1376 2529 1441 habuerit
2574 1382 2641 1441 et
2687 1398 2763 1442 ea
2806 1379 3007 1443 vobis

350 1507 354 1511 ’
436 1486 640 1569 gratis
688 1490 753 1549 et
799 1484 1044 1567 absque
1089 1484 1411 1567 pravitate
1443 1482 1666 1566 aliqua
1710 1482 1986 1548 voluerit
2027 1482 2349 1547 exhibere.
2442 1483 2752 1566 Alioquin
2795 1484 3009 1550 liceat

436 1592 647 1673 vobiS,
715 1611 1161 1674 quemcunque
1225 1590 1585 1655 malueritis
1601 1640 1617 1672 ,
1676 1588 2062 1654 catholicum
2117 1589 2298 1654 adire
2363 1591 2721 1655 antistitem
2738 1641 2753 1672 ,
2819 1614 3005 1656 com-

438 1699 806 1764 munionem
854 1703 919 1762 et
954 1698 1240 1780 graciam
1271 1697 1627 1781 apostolice
1659 1696 1830 1760 sedis
1859 1694 2226 1778 habentem,
2276 1697 2386 1778 qui
2417 1697 2724 1761 nimirum
2768 1705 3006 1764 nostra

437 1806 638 1871 fultus
695 1804 1082 1870 auctoritate
1137 1803 1341 1886 vobiS,
1409 1804 1582 1887 quod
1629 1803 2017 1889 postulatur,
2073 1802 2426 1886 impendat.
2518 1803 2796 1888 Insuper
2841 1827 3005 1870 auc-

438 1914 705 1979 toritate
761 1911 1118 1995 apostolica
1162 1911 1547 1992 inhibemus,
1605 1932 1686 1975 ne
1740 1909 1910 1974 ullns
1967 1909 2305 1993 episcopus
2361 1910 2463 1975 vel
2519 1910 2653 1975 alia
2708 1911 3010 1993 quelibet

439 2041 718 2104 persona
772 2019 855 2083 ad
912 2017 1189 2101 synodos
1243 2018 1345 2082 vel
1402 2021 1753 2082 conventus
1809 2015 2098 2081 forenses
2156 2038 2267 2081 vos
2321 2018 2416 2081 ire
2472 2018 2573 2083 vel
2618 2019 2850 2084 iuditio
2902 2041 3008 2084 se-

441 2126 644 2191 culari
709 2126 789 2190 de
856 2125 1121 2210 propria
1186 2123 1563 2190 substancia
1626 2123 1727 2187 vel
1790 2123 2307 2207 possessionibus
2371 2125 2604 2189 vestris
2661 2125 3008 2191 subiacere

441 2233 788 2318 compellat
839 2253 957 2296 nec
1014 2232 1098 2297 ad
1146 2232 1408 2297 domum
1452 2236 1737 2294 vestram
1793 2252 1922 2295 non
1966 2234 2233 2295 vocatus
2280 2253 2480 2297 causa
2525 2232 2783 2298 ordines
2831 2233 3006 2299 cele-

440 2339 693 2422 brandi,
750 2360 979 2404 causas
1034 2338 1360 2404 tractandi
1412 2337 1514 2402 vel
1562 2342 1912 2402 conventus
1959 2336 2213 2420 aliquos
2260 2337 2551 2422 publicos
2599 2340 3008 2406 convocandi

440 2447 655 2512 venire
711 2451 1045 2530 presumat
1101 2467 1218 2510 nec
1272 2444 1637 2526 regularem
1699 2444 2080 2509 electionem
2138 2444 2373 2529 prioris
2428 2447 2627 2510 vestri
2681 2446 3006 2530 impediat

441 2559 557 2619 aut
603 2553 682 2617 de
719 2551 1115 2617 instituendo
1160 2551 1263 2616 vel
1308 2550 1696 2616 removendo
1744 2572 1841 2633 eo,
1891 2550 2003 2633 qui
2032 2572 2150 2634 pro
2182 2556 2473 2636 tempore
2504 2552 2720 2635 fuerit,
2769 2558 3008 2618 contra

442 2665 691 2726 statuta
737 2659 1168 2725 Cartusiensis
1234 2656 1478 2723 ordinis
1545 2678 1613 2722 se
1679 2656 2089 2740 aliquatenus
2153 2657 2567 2724 intromittat.
2673 2659 2875 2725 Porro
2948 2661 3007 2725 si

442 2767 728 2851 episcopi
773 2766 874 2831 vel
921 2765 1028 2848 alij
1080 2764 1499 2829 ecclesiarum
1543 2769 1829 2830 rectores
1875 2765 1944 2828 in
1991 2764 2331 2829 ecclesiam
2375 2771 2659 2831 vestram
2703 2767 2804 2831 vel
2850 2788 3002 2851 per-

443 2897 634 2941 sonas
696 2872 861 2939 inibi
925 2871 1311 2937 constitutas
1378 2871 1841 2953 suspensioniS,
1910 2862 2591 2938 excommunicationis
2645 2873 2747 2937 vel
2800 2874 3004 2938 inter-

443 2982 599 3047 dicti
655 2980 1045 3045 sententiam
1098 2977 1650 3062 promulgaverint
1703 2979 1836 3043 sive
1894 2978 2092 3043 etiam
2136 2978 2204 3041 in
2262 2980 2694 3045 mercenarios
2750 2986 3004 3046 vestros

441 3110 559 3172 pro
607 3109 703 3169 e0,
752 3086 943 3170 quod,
993 3085 1161 3149 sicut
1206 3084 1449 3148 dictum
1497 3090 1614 3167 est,
1655 3085 1937 3149 decimas
1984 3106 2113 3148 non
2160 3084 2429 3167 solvitiS,
2478 3085 2579 3150 vel
2626 3086 2847 3169 aliqua
2892 3109 3002 3152 oc-

444 3196 702 3261 casione
749 3215 990 3274 eorum,
1039 3212 1164 3274 que
1212 3191 1294 3257 ab
1342 3191 1698 3276 apostolica
1734 3191 1916 3256 vobis
1946 3191 2348 3274 benignitate
2379 3192 2634 3257 indulta
2666 3197 2836 3275 sunt,
2885 3215 3003 3258 seu

444 3301 888 3367 benefactores
945 3305 1193 3364 vestros
1254 3321 1372 3382 pro
1433 3320 1537 3381 eo,
1586 3297 1761 3381 quod
1807 3297 2029 3379 aliqua
2074 3298 2258 3363 vobis
2304 3297 2622 3364 beneficia
2665 3300 2767 3364 vel
2814 3299 2999 3366 obse-

445 3408 600 3492 quia
654 3428 732 3472 ex
788 3407 1060 3471 caritate
1113 3405 1520 3489 prestiterint
1564 3405 1666 3469 vel
1713 3404 1796 3468 ad
1841 3404 2270 3469 laborandum
2318 3404 2683 3469 adiuverint
2701 3406 2727 3444 2
2770 3407 2838 3470 in
2870 3406 3000 3470 illis

446 3514 693 3596 diebuS,
743 3514 810 3577 in
856 3513 1090 3597 quibus
1136 3535 1249 3578 vos
1294 3512 1611 3577 laboratis
1661 3517 1726 3576 et
1763 3511 1870 3595 alij
1923 3510 2257 3593 feriantur,
2308 3511 2579 3576 eandem
2612 3514 3000 3578 sententiam

442 3620 849 3704 protulerint,
896 3620 1106 3702 ipsam
1151 3623 1484 3702 tamquam
1532 3623 1758 3682 contra
1805 3618 1975 3683 sedis
2010 3617 2360 3702 apostolice
2391 3618 2646 3684 indulta
2674 3619 2999 3704 prolatam

446 3727 851 3791 decernimus
900 3725 1302 3790 irritandam.
1397 3725 1532 3789 Nec
1577 3724 1795 3789 littere
1841 3725 1972 3789 ulle
2019 3723 2395 3789 firmitatem
2440 3725 2767 3809 habeant,
2837 3749 2998 3811 quas

445 3834 646 3897 tacito
694 3833 950 3897 nomine
1000 3831 1431 3896 Cartusiensis
1480 3830 1723 3896 ordinis
1772 3837 1838 3896 et
1884 3837 2111 3896 contra
2157 3838 2448 3896 tenorem
2495 3833 2997 3917 apostolicorum

444 3940 924 4024 privilegiorum
989 3938 1354 4003 constiterit
1415 3938 1770 4021 impetrari.
1883 3937 2241 4003 Statuimus
2308 3939 2533 4021 etiam,
2599 3945 2673 4003 ut
2732 3947 2999 4025 propter

446 4048 811 4113 communia
856 4045 1206 4111 interdicta
1269 4050 1594 4109 terrarum
1659 4044 1933 4109 ecclesia
1995 4049 2232 4128 vestra,
2299 4048 2869 4112 excommunicatis
2935 4055 2998 4113 et

443 4154 805 4219 interdictis
838 4153 1134 4233 exclusiS,
1177 4175 1217 4217 a
1259 4151 1490 4216 divinis
1521 4173 1653 4216 non
1685 4157 1953 4234 cogatur
1992 4151 2221 4236 officijs
2260 4151 2607 4218 abstinere.
2702 4152 2995 4219 Obeunte

625 4422 644 4454 ¹
680 4422 755 4476 Es
782 4422 945 4476 stand
980 4422 1214 4492 gloriam
1250 4423 1337 4475 da.
1400 4419 1673 4476 Dasselbe
1708 4425 1795 4476 rot
1831 4420 2313 4492 durchgestrichen
2350 4422 2465 4476 und
2500 4423 2745 4492 graciam
2782 4427 2869 4476 rot
2904 4423 2994 4477 da·

444 4512 611 4568 ruber
644 4510 1017 4589 gescbrieben.
1181 4511 1203 4542 ²
1238 4511 1626 4566 adinvenerint
1659 4510 1822 4565 stand
1859 4509 1946 4565 da.
2020 4527 2090 4565 ne
2125 4509 2366 4566 schwarz
2402 4509 2850 4582 unterpunktiert
2884 4511 2995 4564 und

446 4607 531 4657 rot
569 4599 1070 4672 durchgestrichen.
