3242 5184
1246 296 1628 357 .-9.-

158 472 386 536 stituti.
480 471 568 535 Et
627 471 799 554 quod
856 472 1102 554 pariter
1161 493 1288 536 non
1348 471 1707 556 impediant
1763 472 2016 537 litteras
2078 473 2320 539 ibidem
2377 474 2706 558 legendaS,

158 579 286 643 nisi
329 578 676 662 specialem
722 600 801 644 ac
846 577 1275 643 sufficientem
1322 577 1405 643 ad
1451 578 1518 642 id
1564 577 1851 643 habeant
1873 585 2306 678 potestatem.

420 792 944 857 Iuramentum
990 790 1428 857 auditorum
1474 791 1828 875 palacij.1

331 917 473 1001 Ego
523 967 537 981 .
574 967 588 982 .
639 915 897 982 auditor
957 916 1040 981 ab
1106 917 1229 982 hac
1286 917 1449 984 hora
1501 917 1767 982 inantea
1822 916 2030 982 fidelis
2087 939 2198 984 ero
2263 919 2455 985 beato
2510 920 2707 986 Petro

159 1030 505 1107 sancteque
547 1023 844 1090 Romane
906 1023 1178 1089 ecclesie
1234 1030 1299 1089 et
1354 1023 1611 1091 domino
1659 1045 1802 1090 meo
1850 1024 2107 1091 domino
2159 1075 2172 1089 .
2210 1075 2224 1090 .
2263 1075 2276 1090 .
2325 1048 2493 1111 pape
2542 1027 2707 1092 eius-

159 1152 283 1215 que
337 1130 818 1197 successoribus
866 1131 1172 1197 canonice
1217 1131 1634 1197 intrantibus,
1727 1129 1873 1197 Non
1928 1153 2039 1197 ero
2086 1132 2153 1196 in
2199 1132 2392 1215 facto,
2441 1134 2708 1198 consilio

155 1238 256 1303 vel
321 1259 640 1304 consensu
651 1238 695 1319 ²,
745 1236 919 1320 quod
983 1238 1184 1303 vitam
1248 1237 1525 1322 perdant
1589 1245 1706 1302 aut
1767 1237 2126 1303 membrum
2193 1240 2293 1305 vel
2369 1241 2709 1323 capiantur

155 1345 329 1411 mala
384 1346 707 1429 capcione.
802 1342 1186 1425 Consilium,
1253 1345 1427 1427 quod
1480 1367 1597 1428 per
1662 1367 1729 1409 se
1796 1349 1910 1410 aut
1971 1347 2276 1411 nuncium
2343 1368 2529 1410 suum
2594 1369 2708 1411 seu

152 1452 405 1517 litteras
451 1451 646 1516 michi
695 1450 1003 1519 credituri
1060 1457 1229 1533 sunt,
1288 1452 1499 1534 signo,
1557 1450 1754 1518 verbo
1815 1453 1917 1517 vel
1970 1457 2132 1516 nutu
2186 1475 2288 1518 me
2336 1454 2577 1519 sciente
2626 1453 2707 1517 ad

157 1579 382 1623 eorum
421 1557 775 1643 dampnum
823 1580 937 1623 seu
978 1558 1409 1641 preiudicium
1441 1558 1608 1623 ‚nulli
1638 1558 1943 1642 pandam.
2023 1558 2373 1625 Similiter3
2418 1560 2709 1624 secreta4

155 1686 299 1746 sua,
363 1686 487 1748 que
543 1670 793 1730 secreta
847 1687 988 1730 esse
1045 1687 1431 1748 cognovero,
1481 1666 1574 1729 sic
1633 1666 1903 1731 servabo
1962 1672 2241 1747 secreta,
2310 1665 2481 1749 quod
2548 1665 2707 1729 nulli

152 1793 447 1856 persone,
498 1772 577 1837 de
615 1794 746 1855 qua
792 1772 1052 1836 credam
1101 1772 1225 1837 sibi
1274 1771 1634 1855 displicere,
1685 1773 1740 1836 si
1787 1774 1846 1837 61
1892 1772 2244 1837 revelarem
2290 1774 2453 1856 ipsa,
2502 1773 2706 1837 mani-

152 1878 405 1944 festabo
452 1879 749 1944 scienter.
843 1877 913 1944 Si
969 1878 1358 1961 dampnum⁵
1413 1900 1636 1944 eorum
1691 1879 1961 1944 tractari
2017 1880 2290 1963 scivero,
2346 1902 2463 1963 pro
2518 1901 2708 1963 posse

151 2007 291 2052 meo
339 1985 712 2069 impediam,
760 2006 842 2049 ne
886 1985 1020 2050 fiat.
1101 1983 1290 2066 Quod
1322 1986 1377 2049 si
1420 2007 1538 2069 per
1583 2008 1687 2050 me
1734 1986 2046 2069 impedire
2093 2010 2220 2052 non
2266 2008 2543 2070 possem,
2583 2009 2709 2070 -per

152 2094 460 2158 nuncium
508 2098 623 2157 aut
667 2092 920 2156 litteras
968 2093 1060 2157 eis
1109 2090 1473 2175 significare
1512 2092 1754 2158 curabo
1803 2093 1902 2157 vel
1948 2093 2064 2175 illi,
2113 2115 2230 2176 per
2275 2115 2469 2177 quem
2508 2094 2706 2157 cicius

153 2200 235 2265 ad
283 2222 509 2266 eorum
555 2199 862 2265 noticiam
910 2197 1287 2263 deducatur.
1367 2199 1691 2282 Papatum
1723 2199 2091 2265 Romanum
2140 2205 2205 2263 et
2240 2200 2484 2283 regalia
2531 2199 2707 2264 beati

153 2307 330 2372 Petri
382 2313 448 2372 et
494 2306 710 2373 omnia
728 2307 884 2370 *iura
914 2305 1206 2371 Romane
1239 2305 1529 2387 ecclesie,
1579 2327 1706 2387 que
1737 2305 1954 2387 habet,
2005 2305 2245 2388 ubique
2278 2307 2708 2373 manutenebo

156 2415 306 2479 totis
366 2413 612 2478 viribus
671 2419 736 2478 et
790 2412 1149 2477 defendam.
1252 2412 1537 2495 Negocia
1595 2417 1660 2475 et
1716 2412 1930 2477 officia
1986 2413 2182 2476 michi
2240 2436 2279 2477 a
2335 2412 2592 2478 domino
2635 2464 2647 2477 .
2692 2464 2706 2478 .

142 2542 322 2605 papa
392 2521 494 2584 vel
550 2520 687 2584 eius
746 2519 1273 2584 vicecancellario
1330 2520 1675 2584 commissa
1738 2519 1839 2583 vel
1904 2519 2367 2585 committenda
2430 2519 2711 2585 fideliter

155 2648 375 2710 geram
443 2632 508 2690 et
572 2627 822 2691 solicite
888 2614 1199 2691 exercebo
1256 2631 1321 2689 et
1376 2626 1747 2710 specialiter
1809 2625 2092 2691 officium
2158 2626 2472 2692 auditoris
2540 2628 2707 2691 sacri

151 2733 385 2816 palacij
455 2733 522 2796 in
585 2733 912 2798 reddendo
975 2733 1302 2797 iusticiam
1367 2734 1748 2816 cuicunque.
1844 2732 2034 2797 Dona
2097 2729 2199 2797 vel
2261 2755 2530 2797 munera
2595 2756 2710 2798 seu

152 2841 457 2905 ensenia⁶
511 2846 627 2903 aut
690 2839 1158 2922 obligacionem
1224 2860 1340 2904 seu
1399 2841 1773 2923 pensionem
1829 2861 2024 2923 super
2076 2840 2204 2903 illis
2263 2861 2381 2923 per
2443 2862 2545 2905 me
2609 2841 2710 2905 vel

153 2947 348 3010 alium
395 2967 509 3010 seu
558 2946 721 3011 alios
761 2969 800 3011 a
844 2947 1142 3030 partibus
1191 2968 1409 3011 coram
1455 2969 1557 3012 me
1606 2968 1837 3011 causas
1884 2945 2275 3011 habentibus
2323 2967 2436 3010 seu
2487 2968 2708 3010 earum

153 3052 374 3135 aliqua
429 3052 529 3117 vel
583 3074 623 3116 a
677 3054 948 3136 notarijs
995 3052 1323 3136 deputatis
1381 3054 1463 3117 ad
1512 3052 1924 3118 scribendum
1972 3074 2188 3118 coram
2234 3075 2336 3117 me
2384 3059 2531 3117 acta
2579 3053 2707 3117 dic-

153 3164 369 3224 tarum
403 3181 745 3224 causarum
791 3159 892 3224 vel
947 3160 1030 3225 ab
1079 3160 1225 3243 alijs
1283 3182 1400 3243 pro
1448 3160 1679 3242 ijsdem
1726 3181 1840 3224 seu
1888 3160 2150 3224 earum⁷
2194 3160 2451 3225 nomine
2504 3161 2524 3245 ΙΙ
2578 3182 2705 3223 11011
2744 3170 2859 3224 Fol.
2901 3168 2985 3224 5¹³.

153 3267 484 3350 recipiam,
519 3267 824 3350 quinymo
859 3288 1078 3331 omnes
1110 3265 1464 3331 familiares
1497 3272 1563 3330 et
1593 3265 1901 3331 officiales
1933 3288 2109 3332 meos
2140 3268 2312 3331 omni
2343 3266 2703 3348 diligencia,

153 3393 281 3454 qua
324 3377 575 3457 poter0,
624 3372 860 3437 faciam
908 3372 1252 3437 abstinere.
1346 3372 1480 3437 Nec
1528 3374 1732 3437 eciam
1779 3396 1894 3456 pro
1956 3373 2165 3456 sigillo
2218 3395 2361 3438 meo
2417 3393 2535 3436 nec
2590 3393 2706 3454 pro

155 3479 432 3544 rubricis
497 3479 812 3545 faciendis
876 3481 945 3543 in
1001 3482 1250 3561 causiS,
1315 3483 1382 3544 in
1440 3479 1676 3562 quibus
1742 3501 1883 3543 sum
1947 3479 2047 3544 vel
2110 3479 2292 3545 fuero
2355 3479 2702 3562 deputatus

155 3586 446 3668 auditor,
512 3607 631 3650 nec
686 3585 815 3651 alio
847 3588 1128 3669 ’quesito
1183 3587 1397 3652 colore
1453 3585 1700 3668 aliquid
1755 3587 2066 3670 recipiam
2119 3608 2239 3651 nec
2295 3609 2334 3650 a
2399 3586 2706 3669 predictis

154 3692 311 3756 meis
370 3690 759 3757 officialibus
816 3714 931 3757 seu
987 3693 1417 3758 familiaribus
1475 3693 1677 3776 recipi
1730 3694 2122 3776 permittam.
2217 3692 2502 3761 Consilia
2557 3714 2707 3758 vero

158 3799 600 3863 coauditorum
631 3821 922 3864 meorum
961 3807 1206 3865 secrete
1254 3799 1409 3864 data
1448 3805 1694 3864 secrete
1740 3800 1994 3881 tenebo,
2044 3821 2380 3883 usquequo
2411 3801 2477 3863 in
2511 3820 2709 3864 causa

162 3906 488 3970 sentencia
536 3907 621 3970 sit
668 3907 940 3989 prelata.
996 3906 1410 3990 ⁴Supradicta
1441 3907 1657 3972 omnia
1696 3912 1761 3971 et
1808 3908 2061 3989 singula
2098 3908 2405 3989 promitto
2455 3912 2520 3971 et
2565 3907 2706 3971 iuro

161 4011 492 4077 attendere
526 4018 592 4076 et
622 4012 969 4077 observare
1001 4014 1140 4078 sine
1172 4014 1345 4078 omni
1379 4013 1523 4079 dolo
1557 4017 1623 4078 et
1654 4013 1900 4078 fraude.
1980 4012 2088 4078 Sic
2117 4034 2220 4077 me
2253 4012 2412 4077 deus
2446 4012 2708 4077 adiuvet

162 4121 224 4179 et
266 4116 385 4183 hec
432 4125 661 4183 sancta
707 4119 811 4184 dei
850 4120 1204 4202 evangelia.
1300 4120 1372 4184 T.

334 4297 351 4329 ¹
391 4297 597 4353 Hierzu
646 4316 737 4352 am
782 4297 1000 4354 Raude:
1055 4298 1436 4354 Iul-amentum
1482 4299 1813 4353 auditorum.
2050 4298 2072 4330 ²
2106 4316 2371 4353 consensu
2418 4299 2710 4369 korrigiert

164 4386 481 4440 vermittelst
516 4385 696 4441 Rasur
731 4405 830 4442 aus
866 4405 1109 4443 assensu.
1325 4387 1348 4419 ⁸
1383 4387 1719 4442 Handschr.:
1757 4387 2100 4456 Simpliciter.
2176 4388 2285 4440 Am
2319 4387 2475 4440 Ende
2513 4387 2707 4455 Rasur,

166 4469 255 4524 das
295 4473 889 4546 Abktirzungszeichen
924 4476 1015 4530 fi'ir
1050 4494 1110 4530 er
1143 4494 1255 4532 von
1291 4477 1523 4531 anderer
1563 4472 1748 4530 Hand.
1894 4476 1918 4506 ⁴
1954 4475 2075 4528 Auf
2112 4476 2293 4530 Rasur
2327 4494 2436 4530 von
2476 4478 2709 4530 auderet

170 4557 326 4614 Hand
361 4564 475 4617 und
514 4566 616 4617 mit
650 4565 882 4620 anderer
905 4565 1084 4619 Tinte.
1321 4565 1343 4597 ⁵
1377 4564 1496 4620 Der
1530 4563 1711 4620 Strioh
1747 4565 1941 4620 iiberm
1979 4583 2017 4618 u
2052 4566 2124 4619 ist
2157 4570 2244 4619 rot
2279 4564 2705 4634 nachgetragen.

171 4645 193 4678 ⁸
222 4663 250 4701 c
282 4651 382 4705 mit
415 4652 715 4710 schwarzer
750 4653 916 4710 Tinte
952 4656 1009 4709 in
1049 4655 1242 4725 lang-es
1279 4673 1306 4707 s
1342 4654 1649 4726 korrigiert.
1845 4655 1863 4686 ⁷
1900 4653 2209 4724 Korrigiert
2245 4671 2344 4708 aus
2382 4670 2586 4708 eorum.
