3242 5184
1249 311 1676 372 -11—

180 484 465 550 Romani
497 485 820 568 pontificis
853 491 967 549 aut
997 486 1266 551 ecclesie
1296 485 1586 551 Romane
1618 490 1914 567 vergeret
1960 505 2075 549 seu
2119 506 2315 567 grave
2363 485 2736 568 dampnum,

179 590 351 655 illud
393 612 512 673 pro
556 612 750 674 posse
793 591 1169 675 impediam,
1237 600 1303 657 et
1349 593 1404 657 si
1447 591 1568 656 hoc
1612 590 1927 674 impedire
1973 607 2102 656 non
2146 613 2443 675 possem,
2509 612 2738 674 procu-

179 698 350 763 rabo
413 698 584 764 bona
646 697 774 762 fide
838 697 904 762 id
968 698 1050 762 ad
1113 699 1421 764 noticiam
1478 697 1723 762 domini
1784 718 1952 781 pape
2015 685 2307 781 perferri.
2415 698 2739 781 Papatum

182 804 556 871 Romanum
602 810 669 870 et
712 805 959 887 regalia
1006 805 1216 870 sancti
1264 804 1444 869 Petri
1491 810 1558 868 et
1600 804 1747 869 iura
1791 805 1996 887 ipsius
2029 805 2318 886 ecclesie,
2369 803 2738 887 specialiter

184 912 241 975 si
291 933 422 993 qua
466 912 694 976 eadem
741 912 1015 977 ecclesia
1060 912 1128 975 in
1174 911 1434 975 civitate
1479 910 1581 974 vel
1628 917 1842 992 terra,
1910 909 1989 975 de
2050 933 2178 993 qua
2218 933 2361 975 sum
2408 909 2737 991 oriunduS,

182 1017 457 1100 habeat,
525 1018 784 1083 adiutor
839 1019 932 1082 eis
987 1039 1097 1083 ero
1145 1017 1228 1081 ad
1277 1016 1750 1082 defendendum
1796 1019 1897 1082 vel
1943 1018 2353 1082 retinendum
2400 1039 2514 1081 seu
2560 1038 2739 1081 recu-

181 1126 548 1208 perandum
613 1131 840 1190 contra
904 1146 1126 1191 omnes
1180 1124 1492 1189 homineS.
1587 1124 2077 1190 Tabellionatus
2135 1124 2418 1189 officium
2464 1123 2742 1188 fideliter

181 1231 555 1303 exercebo„
615 1230 1038 1314 ContractuS,
1089 1232 1156 1295 in
1202 1231 1436 1314 quibus
1484 1233 1763 1314 exigitur
1809 1253 2161 1297 consensus
2207 1233 2537 1315 parcium,
2586 1230 2740 1295 fide-

178 1339 338 1403 liter
383 1338 620 1403 faciam
667 1337 758 1402 nil
805 1336 1101 1402 addendo
1148 1338 1249 1402 vel
1295 1338 1641 1403 minuendo
1676 1340 1813 1403 sine
1844 1339 2176 1405 voluntate
2207 1339 2519 1422 parcium,
2569 1338 2742 1420 quod

181 1445 635 1510 substanciam
701 1449 1072 1510 contractus
1133 1445 1429 1508 inmutet.
1534 1444 1602 1509 Si
1667 1466 1818 1511 vero
1882 1446 1952 1508 in
2015 1444 2413 1510 conficiendo
2478 1444 2742 1528 aliquod

179 1553 690 1616 instrumentum
721 1553 910 1616 unius
950 1552 1148 1617 solius
1194 1552 1400 1634 partis
1447 1553 1534 1616 sit
1578 1551 1971 1634 requirenda
2015 1552 2333 1633 voluntas,
2375 1551 2498 1615 hoc
2529 1552 2742 1634 ipsum

180 1659 445 1740 faciam,
492 1664 569 1722 ut
613 1658 861 1722 scilicet
903 1657 996 1721 nil
1028 1656 1267 1722 addam
1298 1658 1399 1722 vel
1432 1660 1739 1740 minuam,
1791 1658 1963 1741 quod
1995 1659 2271 1722 inmutet
2302 1658 2743 1722 substanciam

180 1756 344 1830 facti
412 1770 638 1830 contra
700 1764 1098 1829 voluntatem
1156 1765 1380 1847 ipsius
1473 1764 2024 1830 Instrumentuml
2088 1788 2217 1831 non
2272 1764 2608 1830 conficiam
2665 1763 2743 1828 de

182 1864 409 1954 aliquo
457 1876 832 1954 contractu,
899 1872 966 1934 in
1014 1893 1142 1954 quo
1190 1872 1391 1936 sciam
1436 1873 1828 1937 intervenire
1874 1872 1976 1937 vel
2020 1871 2420 1937 intercedere
2469 1872 2597 1935 vim
2645 1870 2744 1935 vel

180 1977 503 2044 flaudem.
584 1976 969 2043 Contractus
1014 1979 1082 2042 in
1127 1979 1601 2062 prothocollum
1647 1978 1960 2062 redigam,
2010 1985 2076 2043 et
2120 1985 2467 2063 postquam
2499 1979 2565 2041 in
2597 2000 2742 2061 pro-

180 2085 543 2151 thocollum
572 2084 902 2167 redegero,
942 2084 1273 2150 maliciose
1304 2108 1432 2151 non
1467 2085 1764 2149 differam
1797 2092 2025 2150 contra
2054 2084 2454 2150 voluntatem
2485 2084 2744 2149 illorum

181 2192 283 2256 vel
331 2192 529 2273 1111110,
578 2212 853 2274 quorum
886 2198 986 2255 est
1017 2198 1409 2274 contractus,
1460 2213 1653 2275 super
1686 2214 1761 2257 00
1796 2191 2110 2258 conficere
2141 2191 2472 2275 publicum
2503 2192 2741 2255 instru-

182 2304 499 2363 mentum.
579 2297 771 2363 Salvo
802 2319 945 2363 meo
977 2298 1149 2363 iusto
1183 2304 1248 2362 et
1293 2305 1599 2363 consueto
1650 2298 1907 2363 salario.
1988 2297 2095 2362 Sic
2141 2320 2243 2362 me
2292 2297 2450 2362 deus
2485 2297 2746 2361 adiuvet

185 2412 252 2470 et
296 2406 423 2470 hec
469 2410 697 2470 sancta
744 2404 847 2469 dei
893 2404 1246 2486 evangelia.
1341 2405 1450 2470 T.²
2149 2424 2150 2427 ’

455 2636 977 2701 Iuramentum
1022 2637 1521 2721 inquisitoris
1559 2636 1906 2701 heretice
1951 2635 2436 2719 pravitatiS.3

263 2780 267 2784 ’
365 2778 509 2862 Ego
558 2828 572 2842 .
610 2827 623 2842 .
672 2779 1020 2862 inquisitor
1066 2780 1150 2845 ab
1196 2779 1320 2844 hac
1365 2779 1528 2845 hora
1571 2779 1838 2844 inantea
1883 2778 2093 2843 fidelis
2141 2800 2251 2844 010
2307 2778 2500 2843 beato
2548 2778 2744 2843 Petro

188 2892 542 2968 sancteque
573 2885 866 2951 Romane
913 2887 1182 2952 ecclesie
1229 2893 1297 2952 et
1343 2886 1602 2952 domino
1648 2907 1793 2951 meo
1840 2886 2098 2951 domino
2129 2884 2397 2951 Urbano
2428 2904 2596 2968 pape
2628 2882 2743 2948 VI.

189 2993 456 3075 suisque
505 2992 985 3058 successoribus
1033 2994 1340 3059 canonice
1385 2992 1801 3058 intrantibus.
1880 2992 2025 3056 Non
2056 3013 2165 3057 ero
2211 2993 2279 3056 in
2327 2991 2594 3056 consilio
2633 2997 2749 3055 aut

188 3119 509 3164 consensu
562 3098 664 3164 vel
719 3097 891 3165 facto
912 3149 928 3181 ,
984 3105 1061 3164 ut
1113 3101 1314 3164 vitam
1359 3101 1638 3183 perdant
1691 3105 1807 3165 aut
1850 3099 2214 3163 membrum
2259 3098 2360 3164 vel
2407 3099 2749 3181 capiantur

188 3206 366 3270 mala
400 3207 725 3290 capcione.
805 3205 1161 3272 Consilium
1191 3228 1362 3289 vero,
1413 3207 1586 3289 quod
1632 3227 1750 3289 per
1797 3227 1866 3270 00
1913 3206 2014 3270 vel
2058 3205 2366 3270 nuncium
2413 3226 2600 3270 suum
2645 3204 2748 3269 vel

188 3310 447 3379 litteras
491 3312 689 3378 michi
735 3314 1045 3378 credituri
1092 3319 1272 3396 sunt,
1336 3314 1544 3396 signo,
1601 3311 1799 3377 verbo
1858 3311 1958 3376 vel
2015 3316 2178 3375 nutu
2223 3332 2326 3376 me
2374 3312 2617 3376 sciente
2664 3310 2748 3375 ad

193 3438 418 3484 eorum
482 3419 834 3502 dampnum
899 3441 1015 3485 seu
1076 3419 1503 3504 preiudicium
1566 3420 1810 3484 nemini
1872 3418 2176 3502 pandam.
2269 3418 2339 3484 Si
2395 3418 2748 3500 dampnum

194 3545 419 3590 eorum
462 3527 735 3591 tractari
782 3527 1049 3609 scivero,
1097 3549 1214 3610 pro
1259 3547 1450 3609 posse
1496 3545 1639 3590 meo
1686 3524 2053 3608 impediam,
2100 3546 2183 3589 ne
2227 3523 2363 3590 fiat.
2458 3522 2647 3605 Quod
2694 3524 2747 3587 si

196 3652 308 3713 per
339 3652 444 3697 me
489 3617 805 3716 impedire
838 3655 967 3698 non
996 3654 1274 3718 possem,
1322 3653 1439 3716 per
1484 3633 1793 3697 nuncium
1824 3637 1940 3697 aut
1967 3632 2223 3696 litteras
2256 3632 2349 3696 eis
2383 3630 2748 3714 significare

197 3738 437 3804 curabo
504 3739 603 3803 vel
666 3738 800 3820 illi,
867 3760 983 3824 per
1046 3760 1239 3822 quem
1304 3739 1502 3803 cicius
1568 3738 1655 3804 ad
1718 3759 1940 3804 eorum
1999 3737 2308 3804 noticiam
2370 3735 2744 3801 deducatur.

201 3841 499 3908 Officium
552 3844 999 3928 inquisicionis
1052 3845 1247 3911 michi
1305 3846 1721 3911 commissum
1774 3844 2055 3910 fideliter
2108 3865 2329 3926 geram
2385 3848 2453 3908 et
2497 3842 2749 3908 solicite

201 3949 529 4033 exerceb0,
577 3972 769 4034 prece
814 3952 916 4016 vel
961 3954 1199 4036 precio,
1257 3953 1475 4019 favore
1521 3952 1621 4016 vel
1670 3952 1818 4018 odio
1866 3974 1906 4016 a
1951 3952 2209 4016 iusticia
2255 3973 2382 4017 non
2427 3950 2748 4030 recedam,

203 4056 404 4122 eciam
464 4078 667 4140 penas
735 4080 848 4123 seu
903 4060 1305 4142 penitencias
1368 4060 1726 4143 mitigando
1787 4059 1888 4123 vel
1951 4057 2303 4123 relaxando
2362 4079 2477 4122 seu
2530 4058 2598 4121 in
2656 4057 2748 4121 eis

204 4161 362 4228 alias
393 4164 849 4248 dispensando.
927 4165 1137 4249 Dona,
1171 4188 1441 4232 munera
1474 4188 1588 4231 seu
1636 4167 1903 4231 encenia
1949 4171 2064 4230 aut
2109 4163 2579 4247 obligacionem
2635 4184 2749 4228 seu

206 4272 692 4349 promissionem
725 4293 919 4355 super
948 4273 1078 4338 illis
1108 4295 1226 4356 per
1255 4294 1359 4337 me
1390 4274 1491 4337 vel
1523 4274 1723 4338 alium
1756 4293 1872 4338 seu
1903 4272 2065 4337 alios
2113 4293 2154 4336 a
2189 4271 2481 4354 personis
2531 4292 2748 4336 coram

208 4393 303 4439 me
349 4400 579 4443 causas
624 4377 1016 4444 habentibus
1064 4400 1180 4444 0011
1226 4379 1309 4445 ab
1357 4380 1504 4462 alijs
1546 4394 1668 4463 pro
1708 4379 1952 4445 eisdem
1983 4400 2100 4461 pro
2132 4377 2515 4461 penitencijs
2547 4378 2749 4460 impo-

379 4574 397 4606 ¹
433 4574 462 4628 I
499 4591 599 4629 aus
634 4576 655 4629 i
692 4575 793 4629 mit
816 4574 1121 4631 schwarzer
1143 4576 1324 4631 Tinte.
1437 4575 1458 4608 ²
1494 4573 1605 4630 Rot
1631 4575 1840 4631 wieder
1871 4573 2372 4645 durchgestrichen.
2484 4573 2507 4604 ⁸
2543 4573 2749 4628 Hierzu

213 4672 296 4711 am
328 4659 545 4718 Raude:
583 4663 789 4721 Forma
823 4665 1119 4720 iuramenti
1155 4683 1255 4737 per
1289 4667 1642 4737 inquisitores
1680 4664 1918 4720 heretice
1955 4665 2246 4736 pravitatis
2282 4664 2581 4735 prestandi.

2785 2654 2905 2709 Fol.
2944 2651 3027 2707 δ’).
