<?xml version="1.0" encoding="UTF-8"?>
<!DOCTYPE html PUBLIC "-//W3C//DTD XHTML 1.0 Transitional//EN"
    "http://www.w3.org/TR/xhtml1/DTD/xhtml1-transitional.dtd">
<html xmlns="http://www.w3.org/1999/xhtml" xml:lang="en" lang="en">
 <head>
  <title>
</title>
<meta http-equiv="Content-Type" content="text/html;charset=utf-8" />
  <meta name='ocr-system' content='tesseract 3.04.00' />
  <meta name='ocr-capabilities' content='ocr_page ocr_carea ocr_par ocr_line ocrx_word'/>
</head>
<body>
  <div class='ocr_page' id='page_1' title='image "./derlibercancell00dietgoog_0113.png"; bbox 0 0 3242 5184; ppageno 0'>
   <div class='ocr_carea' id='block_1_1' title="bbox 1219 288 1644 350">
    <p class='ocr_par' dir='ltr' id='par_1_1' title="bbox 1219 288 1644 350">
     <span class='ocr_line' id='line_1_1' title="bbox 1219 288 1644 350; baseline 0 -18"><span class='ocrx_word' id='word_1_1' title='bbox 1219 288 1644 350; x_wconf 57' lang='grc' dir='ltr'>-61--Η</span> 
     </span>
    </p>
   </div>
   <div class='ocr_carea' id='block_1_2' title="bbox 156 462 2710 867">
    <p class='ocr_par' dir='ltr' id='par_1_2' title="bbox 156 462 2710 867">
     <span class='ocr_line' id='line_1_2' title="bbox 161 462 2708 549; baseline -0 -20"><span class='ocrx_word' id='word_1_2' title='bbox 161 467 251 530; x_wconf 90' lang='lat' dir='ltr'>eis</span> <span class='ocrx_word' id='word_1_3' title='bbox 265 465 305 545; x_wconf 90' lang='lat'>¹,</span> <span class='ocrx_word' id='word_1_4' title='bbox 344 485 473 548; x_wconf 91' lang='lat' dir='ltr'>que</span> <span class='ocrx_word' id='word_1_5' title='bbox 502 463 687 529; x_wconf 92' lang='lat' dir='ltr'>vobis</span> <span class='ocrx_word' id='word_1_6' title='bbox 720 465 1168 545; x_wconf 78' lang='lat' dir='ltr'>successerint,</span> <span class='ocrx_word' id='word_1_7' title='bbox 1202 469 1425 529; x_wconf 91' lang='lat' dir='ltr'>nostro</span> <span class='ocrx_word' id='word_1_8' title='bbox 1458 463 1545 549; x_wconf 78' lang='lat'>[?]</span> <span class='ocrx_word' id='word_1_9' title='bbox 1578 462 1835 527; x_wconf 88' lang='lat' dir='ltr'>iHibata</span> <span class='ocrx_word' id='word_1_10' title='bbox 1864 470 2310 545; x_wconf 89' lang='lat' dir='ltr'>permaneant.</span> <span class='ocrx_word' id='word_1_11' title='bbox 2361 464 2441 528; x_wconf 91' lang='lat' dir='ltr'>In</span> <span class='ocrx_word' id='word_1_12' title='bbox 2473 465 2708 547; x_wconf 90' lang='lat' dir='ltr'>quibus</span> 
     </span>
     <span class='ocr_line' id='line_1_3' title="bbox 159 568 2710 655; baseline -0 -19"><span class='ocrx_word' id='word_1_13' title='bbox 159 573 259 636; x_wconf 89' lang='lat' dir='ltr'>hic</span> <span class='ocrx_word' id='word_1_14' title='bbox 310 571 591 655; x_wconf 90' lang='lat' dir='ltr'>proprijs</span> <span class='ocrx_word' id='word_1_15' title='bbox 649 570 949 635; x_wconf 84' lang='lat' dir='ltr'>duximus</span> <span class='ocrx_word' id='word_1_16' title='bbox 1004 570 1336 636; x_wconf 88' lang='lat' dir='ltr'>vocabulis</span> <span class='ocrx_word' id='word_1_17' title='bbox 1392 568 1838 652; x_wconf 87' lang='lat' dir='ltr'>exprimenda:</span> <span class='ocrx_word' id='word_1_18' title='bbox 1899 568 2145 634; x_wconf 90' lang='lat' dir='ltr'>Locum</span> <span class='ocrx_word' id='word_1_19' title='bbox 2191 571 2421 654; x_wconf 91' lang='lat' dir='ltr'>ipsum,</span> <span class='ocrx_word' id='word_1_20' title='bbox 2469 572 2536 634; x_wconf 92' lang='lat' dir='ltr'>in</span> <span class='ocrx_word' id='word_1_21' title='bbox 2582 591 2710 653; x_wconf 91' lang='lat' dir='ltr'>quo</span> 
     </span>
     <span class='ocr_line' id='line_1_4' title="bbox 156 675 2708 762; baseline -0.001 -20"><span class='ocrx_word' id='word_1_22' title='bbox 156 677 478 762; x_wconf 86' lang='lat' dir='ltr'>prefatum</span> <span class='ocrx_word' id='word_1_23' title='bbox 540 678 1005 742; x_wconf 90' lang='lat' dir='ltr'>monasterium</span> <span class='ocrx_word' id='word_1_24' title='bbox 1071 678 1267 741; x_wconf 92' lang='lat' dir='ltr'>situm</span> <span class='ocrx_word' id='word_1_25' title='bbox 1332 682 1457 759; x_wconf 92' lang='lat' dir='ltr'>est,</span> <span class='ocrx_word' id='word_1_26' title='bbox 1524 698 1671 740; x_wconf 92' lang='lat' dir='ltr'>cum</span> <span class='ocrx_word' id='word_1_27' title='bbox 1736 675 2032 741; x_wconf 91' lang='lat' dir='ltr'>omnibus</span> <span class='ocrx_word' id='word_1_28' title='bbox 2096 678 2507 761; x_wconf 90' lang='lat' dir='ltr'>pertinentijs</span> <span class='ocrx_word' id='word_1_29' title='bbox 2555 678 2708 759; x_wconf 79' lang='lat' dir='ltr'>suiS,</span> 
     </span>
     <span class='ocr_line' id='line_1_5' title="bbox 156 781 2710 867; baseline -0.001 -18"><span class='ocrx_word' id='word_1_30' title='bbox 156 785 375 867; x_wconf 88' lang='lat' dir='ltr'>viginti</span> <span class='ocrx_word' id='word_1_31' title='bbox 408 783 727 849; x_wconf 89' lang='lat' dir='ltr'>modiolos</span> <span class='ocrx_word' id='word_1_32' title='bbox 759 789 932 848; x_wconf 89' lang='lat' dir='ltr'>terre</span> <span class='ocrx_word' id='word_1_33' title='bbox 965 783 1174 848; x_wconf 91' lang='lat' dir='ltr'>eidem</span> <span class='ocrx_word' id='word_1_34' title='bbox 1203 784 1597 849; x_wconf 90' lang='lat' dir='ltr'>monasterio</span> <span class='ocrx_word' id='word_1_35' title='bbox 1632 781 2045 848; x_wconf 79' lang='lat' dir='ltr'>adiacentes2</span> <span class='ocrx_word' id='word_1_36' title='bbox 2101 790 2166 848; x_wconf 92' lang='lat' dir='ltr'>et</span> <span class='ocrx_word' id='word_1_37' title='bbox 2196 784 2422 866; x_wconf 88' lang='lat' dir='ltr'>viginti</span> <span class='ocrx_word' id='word_1_38' title='bbox 2468 783 2710 848; x_wconf 92' lang='lat' dir='ltr'>modio-</span> 
     </span>
    </p>
   </div>
   <div class='ocr_carea' id='block_1_3' title="bbox 155 889 2745 974">
    <p class='ocr_par' dir='ltr' id='par_1_3' title="bbox 155 889 2745 974">
     <span class='ocr_line' id='line_1_6' title="bbox 155 889 2745 974; baseline 0 -19"><span class='ocrx_word' id='word_1_39' title='bbox 155 892 250 956; x_wconf 90' lang='lat' dir='ltr'>los</span> <span class='ocrx_word' id='word_1_40' title='bbox 296 890 477 957; x_wconf 90' lang='lat' dir='ltr'>silve.</span> <span class='ocrx_word' id='word_1_41' title='bbox 572 890 802 955; x_wconf 79' lang='lat' dir='ltr'>Liceat</span> <span class='ocrx_word' id='word_1_42' title='bbox 832 912 1089 974; x_wconf 95' lang='lat' dir='ltr'>quoque</span> <span class='ocrx_word' id='word_1_43' title='bbox 1120 890 1303 955; x_wconf 90' lang='lat' dir='ltr'>vobis</span> <span class='ocrx_word' id='word_1_44' title='bbox 1334 910 1647 973; x_wconf 88' lang='lat' dir='ltr'>personas</span> <span class='ocrx_word' id='word_1_45' title='bbox 1678 889 1921 958; x_wconf 89' lang='lat' dir='ltr'>liberas</span> <span class='ocrx_word' id='word_1_46' title='bbox 1954 896 2021 955; x_wconf 89' lang='lat' dir='ltr'>et</span> <span class='ocrx_word' id='word_1_47' title='bbox 2051 890 2452 965; x_wconf 84' lang='lat' dir='ltr'>absolutase</span> <span class='ocrx_word' id='word_1_48' title='bbox 2491 889 2745 956; x_wconf 59' lang='lat' dir='ltr'>seculo*</span> 
     </span>
    </p>
   </div>
   <div class='ocr_carea' id='block_1_4' title="bbox 153 996 2713 4281">
    <p class='ocr_par' dir='ltr' id='par_1_4' title="bbox 153 996 2713 4281">
     <span class='ocr_line' id='line_1_7' title="bbox 155 996 2711 1081; baseline -0 -19"><span class='ocrx_word' id='word_1_49' title='bbox 155 998 473 1081; x_wconf 88' lang='lat' dir='ltr'>fugientes</span> <span class='ocrx_word' id='word_1_50' title='bbox 540 998 626 1063; x_wconf 89' lang='lat' dir='ltr'>ad</span> <span class='ocrx_word' id='word_1_51' title='bbox 691 998 1173 1063; x_wconf 88' lang='lat' dir='ltr'>conversionem</span> <span class='ocrx_word' id='word_1_52' title='bbox 1234 998 1524 1081; x_wconf 90' lang='lat' dir='ltr'>recipere</span> <span class='ocrx_word' id='word_1_53' title='bbox 1588 1018 1667 1061; x_wconf 89' lang='lat' dir='ltr'>ac</span> <span class='ocrx_word' id='word_1_54' title='bbox 1722 1017 1832 1061; x_wconf 91' lang='lat' dir='ltr'>eas</span> <span class='ocrx_word' id='word_1_55' title='bbox 1888 996 2136 1080; x_wconf 84' lang='lat' dir='ltr'>absque</span> <span class='ocrx_word' id='word_1_56' title='bbox 2201 997 2711 1064; x_wconf 78' lang='lat' dir='ltr'>contradictione</span> 
     </span>
     <span class='ocr_line' id='line_1_8' title="bbox 156 1103 2711 1189; baseline -0.001 -19"><span class='ocrx_word' id='word_1_57' title='bbox 156 1105 371 1189; x_wconf 90' lang='lat' dir='ltr'>aliqua</span> <span class='ocrx_word' id='word_1_58' title='bbox 435 1106 737 1169; x_wconf 90' lang='lat' dir='ltr'>retinere.</span> <span class='ocrx_word' id='word_1_59' title='bbox 837 1104 1265 1171; x_wconf 89' lang='lat' dir='ltr'>Prohibemus</span> <span class='ocrx_word' id='word_1_60' title='bbox 1318 1105 1601 1187; x_wconf 87' lang='lat' dir='ltr'>insuper,</span> <span class='ocrx_word' id='word_1_61' title='bbox 1660 1109 1736 1167; x_wconf 91' lang='lat' dir='ltr'>ut</span> <span class='ocrx_word' id='word_1_62' title='bbox 1786 1103 1947 1168; x_wconf 84' lang='lat' dir='ltr'>nulli</span> <span class='ocrx_word' id='word_1_63' title='bbox 2002 1125 2296 1170; x_wconf 89' lang='lat' dir='ltr'>sororum</span> <span class='ocrx_word' id='word_1_64' title='bbox 2349 1111 2711 1169; x_wconf 90' lang='lat' dir='ltr'>vestrarum</span> 
     </span>
     <span class='ocr_line' id='line_1_9' title="bbox 153 1209 2711 1295; baseline -0.001 -18"><span class='ocrx_word' id='word_1_65' title='bbox 153 1218 299 1295; x_wconf 90' lang='lat' dir='ltr'>post</span> <span class='ocrx_word' id='word_1_66' title='bbox 361 1212 608 1277; x_wconf 87' lang='lat' dir='ltr'>factam</span> <span class='ocrx_word' id='word_1_67' title='bbox 671 1212 739 1274; x_wconf 91' lang='lat' dir='ltr'>in</span> <span class='ocrx_word' id='word_1_68' title='bbox 801 1213 1195 1277; x_wconf 89' lang='lat' dir='ltr'>monasterio</span> <span class='ocrx_word' id='word_1_69' title='bbox 1258 1216 1473 1276; x_wconf 90' lang='lat' dir='ltr'>vestro</span> <span class='ocrx_word' id='word_1_70' title='bbox 1528 1209 1999 1294; x_wconf 87' lang='lat' dir='ltr'>professionem</span> <span class='ocrx_word' id='word_1_71' title='bbox 2052 1210 2152 1277; x_wconf 87' lang='lat' dir='ltr'>fas</span> <span class='ocrx_word' id='word_1_72' title='bbox 2209 1212 2297 1276; x_wconf 89' lang='lat' dir='ltr'>sit</span> <span class='ocrx_word' id='word_1_73' title='bbox 2351 1211 2430 1276; x_wconf 91' lang='lat' dir='ltr'>de</span> <span class='ocrx_word' id='word_1_74' title='bbox 2487 1210 2711 1276; x_wconf 90' lang='lat' dir='ltr'>eodem</span> 
     </span>
     <span class='ocr_line' id='line_1_10' title="bbox 153 1317 2710 1400; baseline -0.001 -18"><span class='ocrx_word' id='word_1_75' title='bbox 153 1319 290 1385; x_wconf 90' lang='lat' dir='ltr'>loco</span> <span class='ocrx_word' id='word_1_76' title='bbox 336 1318 704 1400; x_wconf 87' lang='lat' dir='ltr'>discedere,</span> <span class='ocrx_word' id='word_1_77' title='bbox 755 1318 1193 1384; x_wconf 82' lang='lat' dir='ltr'>discedentem</span> <span class='ocrx_word' id='word_1_78' title='bbox 1238 1339 1388 1383; x_wconf 90' lang='lat' dir='ltr'>vero</span> <span class='ocrx_word' id='word_1_79' title='bbox 1434 1318 1652 1383; x_wconf 85' lang='lat' dir='ltr'>nullus</span> <span class='ocrx_word' id='word_1_80' title='bbox 1700 1317 1941 1383; x_wconf 86' lang='lat' dir='ltr'>audeat</span> <span class='ocrx_word' id='word_1_81' title='bbox 1994 1318 2294 1383; x_wconf 89' lang='lat' dir='ltr'>retinere.</span> <span class='ocrx_word' id='word_1_82' title='bbox 2386 1318 2515 1383; x_wconf 91' lang='lat' dir='ltr'>Pro</span> <span class='ocrx_word' id='word_1_83' title='bbox 2563 1339 2710 1382; x_wconf 92' lang='lat' dir='ltr'>con-</span> 
     </span>
     <span class='ocr_line' id='line_1_11' title="bbox 157 1424 2711 1509; baseline -0 -21"><span class='ocrx_word' id='word_1_84' title='bbox 157 1425 626 1491; x_wconf 86' lang='lat' dir='ltr'>secrationibus</span> <span class='ocrx_word' id='word_1_85' title='bbox 672 1446 824 1490; x_wconf 92' lang='lat' dir='ltr'>vero</span> <span class='ocrx_word' id='word_1_86' title='bbox 872 1424 1180 1489; x_wconf 89' lang='lat' dir='ltr'>altarium</span> <span class='ocrx_word' id='word_1_87' title='bbox 1226 1425 1329 1490; x_wconf 93' lang='lat' dir='ltr'>vel</span> <span class='ocrx_word' id='word_1_88' title='bbox 1374 1424 1645 1490; x_wconf 91' lang='lat' dir='ltr'>ecclesie</span> <span class='ocrx_word' id='word_1_89' title='bbox 1691 1430 1905 1489; x_wconf 84' lang='lat' dir='ltr'>vestre</span> <span class='ocrx_word' id='word_1_90' title='bbox 1953 1426 2087 1490; x_wconf 91' lang='lat' dir='ltr'>sive</span> <span class='ocrx_word' id='word_1_91' title='bbox 2131 1447 2251 1509; x_wconf 91' lang='lat' dir='ltr'>pro</span> <span class='ocrx_word' id='word_1_92' title='bbox 2298 1424 2438 1490; x_wconf 93' lang='lat' dir='ltr'>oleo</span> <span class='ocrx_word' id='word_1_93' title='bbox 2487 1430 2711 1488; x_wconf 91' lang='lat' dir='ltr'>sancto</span> 
     </span>
     <span class='ocr_line' id='line_1_12' title="bbox 157 1530 2711 1616; baseline 0 -21"><span class='ocrx_word' id='word_1_94' title='bbox 157 1532 250 1596; x_wconf 93' lang='lat' dir='ltr'>vel</span> <span class='ocrx_word' id='word_1_95' title='bbox 313 1531 612 1616; x_wconf 90' lang='lat' dir='ltr'>quolibet</span> <span class='ocrx_word' id='word_1_96' title='bbox 674 1531 1110 1597; x_wconf 88' lang='lat' dir='ltr'>ecclesiastico</span> <span class='ocrx_word' id='word_1_97' title='bbox 1176 1537 1581 1597; x_wconf 89' lang='lat' dir='ltr'>sacramento</span> <span class='ocrx_word' id='word_1_98' title='bbox 1645 1531 1862 1596; x_wconf 92' lang='lat' dir='ltr'>nullus</span> <span class='ocrx_word' id='word_1_99' title='bbox 1929 1552 1969 1596; x_wconf 89' lang='lat' dir='ltr'>a</span> <span class='ocrx_word' id='word_1_100' title='bbox 2021 1530 2203 1597; x_wconf 90' lang='lat' dir='ltr'>vobis</span> <span class='ocrx_word' id='word_1_101' title='bbox 2260 1531 2381 1595; x_wconf 92' lang='lat' dir='ltr'>sub</span> <span class='ocrx_word' id='word_1_102' title='bbox 2442 1531 2711 1596; x_wconf 90' lang='lat' dir='ltr'>obtentu</span> 
     </span>
     <span class='ocr_line' id='line_1_13' title="bbox 158 1637 2712 1722; baseline 0 -20"><span class='ocrx_word' id='word_1_103' title='bbox 158 1638 639 1705; x_wconf 90' lang='lat' dir='ltr'>consuetudinis</span> <span class='ocrx_word' id='word_1_104' title='bbox 693 1639 796 1703; x_wconf 92' lang='lat' dir='ltr'>vel</span> <span class='ocrx_word' id='word_1_105' title='bbox 856 1639 985 1704; x_wconf 91' lang='lat' dir='ltr'>alio</span> <span class='ocrx_word' id='word_1_106' title='bbox 1045 1638 1235 1704; x_wconf 93' lang='lat' dir='ltr'>modo</span> <span class='ocrx_word' id='word_1_107' title='bbox 1303 1639 1645 1722; x_wconf 89' lang='lat' dir='ltr'>quitquam</span> <span class='ocrx_word' id='word_1_108' title='bbox 1693 1637 1934 1703; x_wconf 89' lang='lat' dir='ltr'>audeat</span> <span class='ocrx_word' id='word_1_109' title='bbox 1979 1643 2383 1720; x_wconf 87' lang='lat' dir='ltr'>extorquere,</span> <span class='ocrx_word' id='word_1_110' title='bbox 2433 1637 2546 1702; x_wconf 91' lang='lat' dir='ltr'>sed</span> <span class='ocrx_word' id='word_1_111' title='bbox 2593 1637 2712 1702; x_wconf 92' lang='lat' dir='ltr'>hec</span> 
     </span>
     <span class='ocr_line' id='line_1_14' title="bbox 158 1743 2713 1829; baseline -0.001 -18"><span class='ocrx_word' id='word_1_112' title='bbox 158 1747 365 1811; x_wconf 92' lang='lat' dir='ltr'>omnia</span> <span class='ocrx_word' id='word_1_113' title='bbox 412 1747 621 1829; x_wconf 90' lang='lat' dir='ltr'>gratis</span> <span class='ocrx_word' id='word_1_114' title='bbox 667 1745 850 1810; x_wconf 90' lang='lat' dir='ltr'>vobis</span> <span class='ocrx_word' id='word_1_115' title='bbox 889 1746 1228 1828; x_wconf 90' lang='lat' dir='ltr'>episcopus</span> <span class='ocrx_word' id='word_1_116' title='bbox 1276 1744 1676 1828; x_wconf 83' lang='lat' dir='ltr'>dyocesanus</span> <span class='ocrx_word' id='word_1_117' title='bbox 1722 1743 2076 1827; x_wconf 90' lang='lat' dir='ltr'>impendat.</span> <span class='ocrx_word' id='word_1_118' title='bbox 2170 1743 2480 1827; x_wconf 89' lang='lat' dir='ltr'>Alioquin</span> <span class='ocrx_word' id='word_1_119' title='bbox 2515 1744 2713 1808; x_wconf 88' lang='lat' dir='ltr'>liceat</span> 
     </span>
     <span class='ocr_line' id='line_1_15' title="bbox 156 1851 2710 1936; baseline -0 -21"><span class='ocrx_word' id='word_1_120' title='bbox 156 1851 329 1917; x_wconf 90' lang='lat' dir='ltr'>vobis</span> <span class='ocrx_word' id='word_1_121' title='bbox 385 1852 510 1917; x_wconf 90' lang='lat' dir='ltr'>hec</span> <span class='ocrx_word' id='word_1_122' title='bbox 564 1858 788 1917; x_wconf 89' lang='lat' dir='ltr'>nostra</span> <span class='ocrx_word' id='word_1_123' title='bbox 842 1852 1231 1918; x_wconf 91' lang='lat' dir='ltr'>auctoritate</span> <span class='ocrx_word' id='word_1_124' title='bbox 1284 1853 1573 1936; x_wconf 91' lang='lat' dir='ltr'>recipere</span> <span class='ocrx_word' id='word_1_125' title='bbox 1632 1874 1672 1917; x_wconf 90' lang='lat' dir='ltr'>a</span> <span class='ocrx_word' id='word_1_126' title='bbox 1727 1872 2134 1934; x_wconf 92' lang='lat' dir='ltr'>quocumque</span> <span class='ocrx_word' id='word_1_127' title='bbox 2190 1851 2550 1915; x_wconf 89' lang='lat' dir='ltr'>malueritis</span> <span class='ocrx_word' id='word_1_128' title='bbox 2606 1872 2710 1914; x_wconf 92' lang='lat' dir='ltr'>ca-</span> 
     </span>
     <span class='ocr_line' id='line_1_16' title="bbox 158 1957 2708 2041; baseline 0 -20"><span class='ocrx_word' id='word_1_129' title='bbox 158 1958 388 2024; x_wconf 90' lang='lat' dir='ltr'>tholico</span> <span class='ocrx_word' id='word_1_130' title='bbox 430 1959 723 2024; x_wconf 88' lang='lat' dir='ltr'>antistite</span> <span class='ocrx_word' id='word_1_131' title='bbox 763 1959 1049 2041; x_wconf 84' lang='lat' dir='ltr'>graciam</span> <span class='ocrx_word' id='word_1_132' title='bbox 1081 1965 1147 2024; x_wconf 94' lang='lat' dir='ltr'>et</span> <span class='ocrx_word' id='word_1_133' title='bbox 1177 1959 1689 2024; x_wconf 91' lang='lat' dir='ltr'>communionem</span> <span class='ocrx_word' id='word_1_134' title='bbox 1738 1958 1909 2023; x_wconf 92' lang='lat' dir='ltr'>sedis</span> <span class='ocrx_word' id='word_1_135' title='bbox 1957 1957 2309 2040; x_wconf 92' lang='lat' dir='ltr'>apostolice</span> <span class='ocrx_word' id='word_1_136' title='bbox 2357 1957 2708 2023; x_wconf 90' lang='lat' dir='ltr'>obtinente.</span> 
     </span>
     <span class='ocr_line' id='line_1_17' title="bbox 160 2062 2710 2149; baseline 0 -21"><span class='ocrx_word' id='word_1_137' title='bbox 160 2062 397 2145; x_wconf 81' lang='lat' dir='ltr'>Quodsi</span> <span class='ocrx_word' id='word_1_138' title='bbox 463 2065 649 2130; x_wconf 91' lang='lat' dir='ltr'>sedes</span> <span class='ocrx_word' id='word_1_139' title='bbox 706 2065 1050 2148; x_wconf 81' lang='lat' dir='ltr'>dyocesani</span> <span class='ocrx_word' id='word_1_140' title='bbox 1104 2067 1390 2149; x_wconf 88' lang='lat' dir='ltr'>episcopi</span> <span class='ocrx_word' id='word_1_141' title='bbox 1436 2072 1557 2131; x_wconf 89' lang='lat' dir='ltr'>etc.</span> <span class='ocrx_word' id='word_1_142' title='bbox 1614 2087 1822 2147; x_wconf 92' lang='lat' dir='ltr'>usque</span> <span class='ocrx_word' id='word_1_143' title='bbox 1877 2069 2239 2147; x_wconf 85' lang='lat' dir='ltr'>generetur.</span> <span class='ocrx_word' id='word_1_144' title='bbox 2335 2062 2504 2145; x_wconf 80' lang='lat' dir='ltr'>Quia</span> <span class='ocrx_word' id='word_1_145' title='bbox 2556 2085 2710 2129; x_wconf 92' lang='lat' dir='ltr'>vero</span> 
     </span>
     <span class='ocr_line' id='line_1_18' title="bbox 159 2171 2711 2257; baseline 0 -23"><span class='ocrx_word' id='word_1_146' title='bbox 159 2171 482 2237; x_wconf 91' lang='lat' dir='ltr'>interdum</span> <span class='ocrx_word' id='word_1_147' title='bbox 533 2171 877 2255; x_wconf 82' lang='lat' dir='ltr'>dyocesani</span> <span class='ocrx_word' id='word_1_148' title='bbox 924 2173 1211 2255; x_wconf 91' lang='lat' dir='ltr'>episcopi</span> <span class='ocrx_word' id='word_1_149' title='bbox 1249 2174 1501 2257; x_wconf 90' lang='lat' dir='ltr'>copiam</span> <span class='ocrx_word' id='word_1_150' title='bbox 1533 2194 1664 2237; x_wconf 93' lang='lat' dir='ltr'>non</span> <span class='ocrx_word' id='word_1_151' title='bbox 1694 2171 1970 2253; x_wconf 80' lang='lat' dir='ltr'>habetis,</span> <span class='ocrx_word' id='word_1_152' title='bbox 2019 2172 2075 2235; x_wconf 90' lang='lat' dir='ltr'>si</span> <span class='ocrx_word' id='word_1_153' title='bbox 2106 2192 2299 2253; x_wconf 92' lang='lat' dir='ltr'>quem</span> <span class='ocrx_word' id='word_1_154' title='bbox 2338 2171 2711 2254; x_wconf 91' lang='lat' dir='ltr'>episcopum</span> 
     </span>
     <span class='ocr_line' id='line_1_19' title="bbox 158 2275 2712 2361; baseline 0 -19"><span class='ocrx_word' id='word_1_155' title='bbox 158 2275 444 2344; x_wconf 87' lang='lat' dir='ltr'>Romane</span> <span class='ocrx_word' id='word_1_156' title='bbox 498 2277 691 2361; x_wconf 81' lang='lat' dir='ltr'>sediS,</span> <span class='ocrx_word' id='word_1_157' title='bbox 739 2284 814 2342; x_wconf 90' lang='lat' dir='ltr'>ut</span> <span class='ocrx_word' id='word_1_158' title='bbox 860 2278 1157 2361; x_wconf 78' lang='lat' dir='ltr'>diximuS,</span> <span class='ocrx_word' id='word_1_159' title='bbox 1214 2279 1499 2361; x_wconf 85' lang='lat' dir='ltr'>graciam</span> <span class='ocrx_word' id='word_1_160' title='bbox 1547 2284 1614 2342; x_wconf 91' lang='lat' dir='ltr'>et</span> <span class='ocrx_word' id='word_1_161' title='bbox 1661 2278 2174 2342; x_wconf 90' lang='lat' dir='ltr'>communionem</span> <span class='ocrx_word' id='word_1_162' title='bbox 2219 2276 2586 2359; x_wconf 90' lang='lat' dir='ltr'>habentem,</span> <span class='ocrx_word' id='word_1_163' title='bbox 2645 2283 2712 2342; x_wconf 94' lang='lat' dir='ltr'>et</span> 
     </span>
     <span class='ocr_line' id='line_1_20' title="bbox 162 2382 2709 2469; baseline 0.001 -23"><span class='ocrx_word' id='word_1_164' title='bbox 162 2382 236 2449; x_wconf 91' lang='lat' dir='ltr'>de</span> <span class='ocrx_word' id='word_1_165' title='bbox 299 2407 427 2468; x_wconf 91' lang='lat' dir='ltr'>quo</span> <span class='ocrx_word' id='word_1_166' title='bbox 495 2384 755 2469; x_wconf 89' lang='lat' dir='ltr'>plenam</span> <span class='ocrx_word' id='word_1_167' title='bbox 801 2385 1110 2450; x_wconf 90' lang='lat' dir='ltr'>noticiam</span> <span class='ocrx_word' id='word_1_168' title='bbox 1154 2385 1474 2466; x_wconf 90' lang='lat' dir='ltr'>habeatis,</span> <span class='ocrx_word' id='word_1_169' title='bbox 1541 2406 1659 2468; x_wconf 91' lang='lat' dir='ltr'>per</span> <span class='ocrx_word' id='word_1_170' title='bbox 1711 2406 1824 2448; x_wconf 91' lang='lat' dir='ltr'>vos</span> <span class='ocrx_word' id='word_1_171' title='bbox 1877 2384 2158 2449; x_wconf 90' lang='lat' dir='ltr'>transire</span> <span class='ocrx_word' id='word_1_172' title='bbox 2206 2384 2575 2466; x_wconf 92' lang='lat' dir='ltr'>contigerit,</span> <span class='ocrx_word' id='word_1_173' title='bbox 2625 2383 2709 2448; x_wconf 96' lang='lat' dir='ltr'>ab</span> 
     </span>
     <span class='ocr_line' id='line_1_21' title="bbox 163 2491 2710 2575; baseline 0 -20"><span class='ocrx_word' id='word_1_174' title='bbox 163 2511 231 2556; x_wconf 91' lang='lat' dir='ltr'>eo</span> <span class='ocrx_word' id='word_1_175' title='bbox 282 2492 768 2558; x_wconf 90' lang='lat' dir='ltr'>benedictiones</span> <span class='ocrx_word' id='word_1_176' title='bbox 823 2491 1220 2575; x_wconf 90' lang='lat' dir='ltr'>monialium,</span> <span class='ocrx_word' id='word_1_177' title='bbox 1276 2513 1576 2557; x_wconf 91' lang='lat' dir='ltr'>vasorum</span> <span class='ocrx_word' id='word_1_178' title='bbox 1624 2497 1691 2556; x_wconf 90' lang='lat' dir='ltr'>et</span> <span class='ocrx_word' id='word_1_179' title='bbox 1734 2492 2010 2555; x_wconf 90' lang='lat' dir='ltr'>vestium</span> <span class='ocrx_word' id='word_1_180' title='bbox 2075 2495 2140 2556; x_wconf 93' lang='lat' dir='ltr'>et</span> <span class='ocrx_word' id='word_1_181' title='bbox 2193 2491 2710 2556; x_wconf 89' lang='lat' dir='ltr'>consecrationes</span> 
     </span>
     <span class='ocr_line' id='line_1_22' title="bbox 163 2597 2709 2688; baseline 0.001 -29"><span class='ocrx_word' id='word_1_182' title='bbox 163 2597 459 2664; x_wconf 85' lang='lat' dir='ltr'>altarium</span> <span class='ocrx_word' id='word_1_183' title='bbox 496 2599 514 2688; x_wconf 86' lang='grc' dir='ltr'>ΙΙ</span> <span class='ocrx_word' id='word_1_184' title='bbox 550 2599 839 2681; x_wconf 89' lang='lat' dir='ltr'>recipere</span> <span class='ocrx_word' id='word_1_185' title='bbox 884 2598 1175 2663; x_wconf 91' lang='lat' dir='ltr'>valeatis.</span> <span class='ocrx_word' id='word_1_186' title='bbox 1270 2598 1429 2664; x_wconf 86' lang='lat' dir='ltr'>Cum</span> <span class='ocrx_word' id='word_1_187' title='bbox 1477 2603 1697 2662; x_wconf 92' lang='lat' dir='ltr'>autem</span> <span class='ocrx_word' id='word_1_188' title='bbox 1742 2597 2041 2681; x_wconf 89' lang='lat' dir='ltr'>generale</span> <span class='ocrx_word' id='word_1_189' title='bbox 2072 2597 2490 2662; x_wconf 88' lang='lat' dir='ltr'>interdictum</span> <span class='ocrx_word' id='word_1_190' title='bbox 2536 2604 2709 2662; x_wconf 89' lang='lat' dir='ltr'>terre</span> 
     </span>
     <span class='ocr_line' id='line_1_23' title="bbox 164 2702 2708 2788; baseline 0 -21"><span class='ocrx_word' id='word_1_191' title='bbox 164 2702 368 2788; x_wconf 83' lang='lat' dir='ltr'>fuerit,</span> <span class='ocrx_word' id='word_1_192' title='bbox 425 2706 626 2770; x_wconf 91' lang='lat' dir='ltr'>liceat</span> <span class='ocrx_word' id='word_1_193' title='bbox 668 2704 851 2771; x_wconf 91' lang='lat' dir='ltr'>vobis</span> <span class='ocrx_word' id='word_1_194' title='bbox 900 2705 1137 2770; x_wconf 91' lang='lat' dir='ltr'>clausis</span> <span class='ocrx_word' id='word_1_195' title='bbox 1184 2706 1417 2788; x_wconf 76' lang='lat' dir='ltr'>ianuiS,</span> <span class='ocrx_word' id='word_1_196' title='bbox 1467 2705 2037 2771; x_wconf 85' lang='lat' dir='ltr'>excommunicatis</span> <span class='ocrx_word' id='word_1_197' title='bbox 2086 2710 2152 2768; x_wconf 92' lang='lat' dir='ltr'>et</span> <span class='ocrx_word' id='word_1_198' title='bbox 2195 2704 2555 2769; x_wconf 89' lang='lat' dir='ltr'>interdictis</span> <span class='ocrx_word' id='word_1_199' title='bbox 2602 2726 2708 2769; x_wconf 85' lang='lat' dir='ltr'>ex-</span> 
     </span>
     <span class='ocr_line' id='line_1_24' title="bbox 163 2808 2707 2895; baseline 0.001 -22"><span class='ocrx_word' id='word_1_200' title='bbox 163 2808 367 2893; x_wconf 89' lang='lat' dir='ltr'>clusis,</span> <span class='ocrx_word' id='word_1_201' title='bbox 434 2834 564 2876; x_wconf 92' lang='lat' dir='ltr'>non</span> <span class='ocrx_word' id='word_1_202' title='bbox 626 2811 902 2895; x_wconf 90' lang='lat' dir='ltr'>pulsatis</span> <span class='ocrx_word' id='word_1_203' title='bbox 967 2813 1299 2895; x_wconf 90' lang='lat' dir='ltr'>campanis</span> <span class='ocrx_word' id='word_1_204' title='bbox 1366 2811 1584 2877; x_wconf 88' lang='lat' dir='ltr'>divina</span> <span class='ocrx_word' id='word_1_205' title='bbox 1649 2811 1862 2877; x_wconf 87' lang='lat' dir='ltr'>officia</span> <span class='ocrx_word' id='word_1_206' title='bbox 1926 2811 2285 2893; x_wconf 90' lang='lat' dir='ltr'>celebrare,</span> <span class='ocrx_word' id='word_1_207' title='bbox 2361 2810 2707 2876; x_wconf 90' lang='lat' dir='ltr'>dummodo</span> 
     </span>
     <span class='ocr_line' id='line_1_25' title="bbox 164 2917 2706 3000; baseline 0.001 -21"><span class='ocrx_word' id='word_1_208' title='bbox 164 2936 416 2984; x_wconf 89' lang='lat' dir='ltr'>causam</span> <span class='ocrx_word' id='word_1_209' title='bbox 483 2941 611 2984; x_wconf 92' lang='lat' dir='ltr'>non</span> <span class='ocrx_word' id='word_1_210' title='bbox 677 2918 987 2983; x_wconf 87' lang='lat' dir='ltr'>dederitis</span> <span class='ocrx_word' id='word_1_211' title='bbox 1052 2917 1418 2984; x_wconf 76' lang='lat' dir='ltr'>interdicto,</span> <span class='ocrx_word' id='word_1_212' title='bbox 1513 2917 1812 2984; x_wconf 90' lang='lat' dir='ltr'>Obeunte</span> <span class='ocrx_word' id='word_1_213' title='bbox 1867 2939 2019 2983; x_wconf 91' lang='lat' dir='ltr'>vero</span> <span class='ocrx_word' id='word_1_214' title='bbox 2065 2924 2151 3000; x_wconf 90' lang='lat' dir='ltr'>te,</span> <span class='ocrx_word' id='word_1_215' title='bbox 2200 2940 2371 2982; x_wconf 91' lang='lat' dir='ltr'>nunc</span> <span class='ocrx_word' id='word_1_216' title='bbox 2419 2917 2706 2982; x_wconf 90' lang='lat' dir='ltr'>eiusdem</span> 
     </span>
     <span class='ocr_line' id='line_1_26' title="bbox 161 3020 2709 3108; baseline 0.001 -23"><span class='ocrx_word' id='word_1_217' title='bbox 161 3020 278 3087; x_wconf 91' lang='lat' dir='ltr'>loci</span> <span class='ocrx_word' id='word_1_218' title='bbox 297 3025 654 3108; x_wconf 89' lang='lat' dir='ltr'>abbatissa,</span> <span class='ocrx_word' id='word_1_219' title='bbox 687 3025 789 3089; x_wconf 93' lang='lat' dir='ltr'>vel</span> <span class='ocrx_word' id='word_1_220' title='bbox 822 3045 1046 3089; x_wconf 92' lang='lat' dir='ltr'>earum</span> <span class='ocrx_word' id='word_1_221' title='bbox 1067 3024 1309 3107; x_wconf 90' lang='lat' dir='ltr'>aliqua,</span> <span class='ocrx_word' id='word_1_222' title='bbox 1334 3046 1460 3108; x_wconf 91' lang='lat' dir='ltr'>que</span> <span class='ocrx_word' id='word_1_223' title='bbox 1490 3024 1613 3089; x_wconf 91' lang='lat' dir='ltr'>tibi</span> <span class='ocrx_word' id='word_1_224' title='bbox 1653 3025 2055 3106; x_wconf 89' lang='lat' dir='ltr'>successerit,</span> <span class='ocrx_word' id='word_1_225' title='bbox 2090 3024 2269 3088; x_wconf 90' lang='lat' dir='ltr'>nulla</span> <span class='ocrx_word' id='word_1_226' title='bbox 2299 3024 2392 3089; x_wconf 93' lang='lat' dir='ltr'>ibi</span> <span class='ocrx_word' id='word_1_227' title='bbox 2415 3025 2709 3107; x_wconf 90' lang='lat' dir='ltr'>qualibet</span> 
     </span>
     <span class='ocr_line' id='line_1_27' title="bbox 164 3131 2708 3215; baseline 0.001 -23"><span class='ocrx_word' id='word_1_228' title='bbox 164 3132 579 3215; x_wconf 90' lang='lat' dir='ltr'>surreptionis</span> <span class='ocrx_word' id='word_1_229' title='bbox 643 3133 887 3196; x_wconf 90' lang='lat' dir='ltr'>astutia</span> <span class='ocrx_word' id='word_1_230' title='bbox 950 3152 1066 3196; x_wconf 91' lang='lat' dir='ltr'>seu</span> <span class='ocrx_word' id='word_1_231' title='bbox 1128 3131 1435 3196; x_wconf 88' lang='lat' dir='ltr'>violentia</span> <span class='ocrx_word' id='word_1_232' title='bbox 1495 3137 1911 3215; x_wconf 90' lang='lat' dir='ltr'>preponatur,</span> <span class='ocrx_word' id='word_1_233' title='bbox 1971 3131 2098 3195; x_wconf 91' lang='lat' dir='ltr'>nisi</span> <span class='ocrx_word' id='word_1_234' title='bbox 2161 3152 2359 3213; x_wconf 94' lang='lat' dir='ltr'>quam</span> <span class='ocrx_word' id='word_1_235' title='bbox 2414 3153 2708 3196; x_wconf 89' lang='lat' dir='ltr'>sororum</span> 
     </span>
     <span class='ocr_line' id='line_1_28' title="bbox 164 3237 2707 3321; baseline 0.002 -23"><span class='ocrx_word' id='word_1_236' title='bbox 164 3239 591 3303; x_wconf 91' lang='lat' dir='ltr'>communium</span> <span class='ocrx_word' id='word_1_237' title='bbox 636 3259 954 3304; x_wconf 90' lang='lat' dir='ltr'>consensu</span> <span class='ocrx_word' id='word_1_238' title='bbox 998 3237 1100 3302; x_wconf 94' lang='lat' dir='ltr'>vel</span> <span class='ocrx_word' id='word_1_239' title='bbox 1147 3258 1369 3302; x_wconf 91' lang='lat' dir='ltr'>earum</span> <span class='ocrx_word' id='word_1_240' title='bbox 1414 3239 1621 3302; x_wconf 91' lang='lat' dir='ltr'>maior</span> <span class='ocrx_word' id='word_1_241' title='bbox 1666 3259 1818 3320; x_wconf 91' lang='lat' dir='ltr'>pars</span> <span class='ocrx_word' id='word_1_242' title='bbox 1861 3237 2108 3321; x_wconf 88' lang='lat' dir='ltr'>consilij</span> <span class='ocrx_word' id='word_1_243' title='bbox 2162 3238 2434 3302; x_wconf 91' lang='lat' dir='ltr'>sanioris</span> <span class='ocrx_word' id='word_1_244' title='bbox 2483 3259 2707 3302; x_wconf 91' lang='lat' dir='ltr'>secun-</span> 
     </span>
     <span class='ocr_line' id='line_1_29' title="bbox 166 3339 2706 3429; baseline 0.002 -25"><span class='ocrx_word' id='word_1_245' title='bbox 166 3339 308 3407; x_wconf 90' lang='lat' dir='ltr'>dum</span> <span class='ocrx_word' id='word_1_246' title='bbox 372 3344 566 3410; x_wconf 91' lang='lat' dir='ltr'>deum</span> <span class='ocrx_word' id='word_1_247' title='bbox 628 3351 695 3409; x_wconf 91' lang='lat' dir='ltr'>et</span> <span class='ocrx_word' id='word_1_248' title='bbox 755 3345 1116 3429; x_wconf 89' lang='lat' dir='ltr'>predictam</span> <span class='ocrx_word' id='word_1_249' title='bbox 1178 3344 1469 3427; x_wconf 89' lang='lat' dir='ltr'>regulam</span> <span class='ocrx_word' id='word_1_250' title='bbox 1533 3344 1932 3427; x_wconf 91' lang='lat' dir='ltr'>previderint</span> <span class='ocrx_word' id='word_1_251' title='bbox 1989 3343 2352 3427; x_wconf 85' lang='lat' dir='ltr'>eligendam</span> <span class='ocrx_word' id='word_1_252' title='bbox 2366 3344 2409 3409; x_wconf 78' lang='lat'>3.</span> <span class='ocrx_word' id='word_1_253' title='bbox 2502 3343 2706 3410; x_wconf 90' lang='lat' dir='ltr'>Porro</span> 
     </span>
     <span class='ocr_line' id='line_1_30' title="bbox 168 3447 2706 3535; baseline 0.002 -27"><span class='ocrx_word' id='word_1_254' title='bbox 168 3447 217 3510; x_wconf 88' lang='lat' dir='ltr'>si</span> <span class='ocrx_word' id='word_1_255' title='bbox 247 3452 526 3535; x_wconf 90' lang='lat' dir='ltr'>episcopi</span> <span class='ocrx_word' id='word_1_256' title='bbox 558 3452 659 3516; x_wconf 92' lang='lat' dir='ltr'>vel</span> <span class='ocrx_word' id='word_1_257' title='bbox 692 3452 800 3535; x_wconf 85' lang='lat' dir='ltr'>alij</span> <span class='ocrx_word' id='word_1_258' title='bbox 853 3452 1272 3517; x_wconf 87' lang='lat' dir='ltr'>ecclesiarum</span> <span class='ocrx_word' id='word_1_259' title='bbox 1319 3457 1602 3515; x_wconf 88' lang='lat' dir='ltr'>rectores</span> <span class='ocrx_word' id='word_1_260' title='bbox 1650 3452 1717 3514; x_wconf 88' lang='lat' dir='ltr'>in</span> <span class='ocrx_word' id='word_1_261' title='bbox 1763 3452 2228 3515; x_wconf 89' lang='lat' dir='ltr'>monasterium</span> <span class='ocrx_word' id='word_1_262' title='bbox 2274 3457 2560 3515; x_wconf 90' lang='lat' dir='ltr'>vestrum</span> <span class='ocrx_word' id='word_1_263' title='bbox 2605 3451 2706 3515; x_wconf 92' lang='lat' dir='ltr'>vel</span> 
     </span>
     <span class='ocr_line' id='line_1_31' title="bbox 168 3557 2706 3642; baseline 0.002 -25"><span class='ocrx_word' id='word_1_264' title='bbox 168 3574 461 3635; x_wconf 89' lang='lat' dir='ltr'>personas</span> <span class='ocrx_word' id='word_1_265' title='bbox 494 3558 825 3642; x_wconf 88' lang='lat' dir='ltr'>regulares</span> <span class='ocrx_word' id='word_1_266' title='bbox 861 3558 1024 3622; x_wconf 96' lang='lat' dir='ltr'>inibi</span> <span class='ocrx_word' id='word_1_267' title='bbox 1055 3558 1312 3624; x_wconf 93' lang='lat' dir='ltr'>domino</span> <span class='ocrx_word' id='word_1_268' title='bbox 1344 3557 1732 3622; x_wconf 85' lang='lat' dir='ltr'>famulantes</span> <span class='ocrx_word' id='word_1_269' title='bbox 1766 3557 2228 3639; x_wconf 90' lang='lat' dir='ltr'>suspensionis,</span> <span class='ocrx_word' id='word_1_270' title='bbox 2278 3559 2706 3623; x_wconf 87' lang='lat' dir='ltr'>excommuni-</span> 
     </span>
     <span class='ocr_line' id='line_1_32' title="bbox 170 3662 2707 3747; baseline 0.002 -25"><span class='ocrx_word' id='word_1_271' title='bbox 170 3662 425 3729; x_wconf 90' lang='lat' dir='ltr'>cationis</span> <span class='ocrx_word' id='word_1_272' title='bbox 481 3665 583 3729; x_wconf 93' lang='lat' dir='ltr'>vel</span> <span class='ocrx_word' id='word_1_273' title='bbox 634 3665 964 3729; x_wconf 92' lang='lat' dir='ltr'>interdicti</span> <span class='ocrx_word' id='word_1_274' title='bbox 1019 3665 1407 3730; x_wconf 91' lang='lat' dir='ltr'>sententiam</span> <span class='ocrx_word' id='word_1_275' title='bbox 1462 3665 2040 3747; x_wconf 87' lang='lat' dir='ltr'>promulgaverint,</span> <span class='ocrx_word' id='word_1_276' title='bbox 2106 3664 2316 3747; x_wconf 90' lang='lat' dir='ltr'>ipsam</span> <span class='ocrx_word' id='word_1_277' title='bbox 2372 3670 2707 3747; x_wconf 90' lang='lat' dir='ltr'>tamquam</span> 
     </span>
     <span class='ocr_line' id='line_1_33' title="bbox 171 3764 2702 3856; baseline 0.002 -29"><span class='ocrx_word' id='word_1_278' title='bbox 171 3774 378 3833; x_wconf 87' lang='lat' dir='ltr'>contra</span> <span class='ocrx_word' id='word_1_279' title='bbox 442 3770 613 3835; x_wconf 90' lang='lat' dir='ltr'>sedis</span> <span class='ocrx_word' id='word_1_280' title='bbox 678 3772 1031 3856; x_wconf 90' lang='lat' dir='ltr'>apostolice</span> <span class='ocrx_word' id='word_1_281' title='bbox 1095 3770 1349 3835; x_wconf 90' lang='lat' dir='ltr'>indulta</span> <span class='ocrx_word' id='word_1_282' title='bbox 1421 3771 1744 3853; x_wconf 92' lang='lat' dir='ltr'>prolatam</span> <span class='ocrx_word' id='word_1_283' title='bbox 1819 3771 2221 3835; x_wconf 90' lang='lat' dir='ltr'>decernimus</span> <span class='ocrx_word' id='word_1_284' title='bbox 2277 3791 2405 3835; x_wconf 90' lang='lat' dir='ltr'>non</span> <span class='ocrx_word' id='word_1_285' title='bbox 2461 3764 2702 3834; x_wconf 88' lang='lat' dir='ltr'>tenere.</span> 
     </span>
     <span class='ocr_line' id='line_1_34' title="bbox 170 3867 2705 3962; baseline 0.003 -29"><span class='ocrx_word' id='word_1_286' title='bbox 170 3867 315 3937; x_wconf 90' lang='lat' dir='ltr'>Paci</span> <span class='ocrx_word' id='word_1_287' title='bbox 368 3899 625 3961; x_wconf 92' lang='lat' dir='ltr'>quoque</span> <span class='ocrx_word' id='word_1_288' title='bbox 682 3883 748 3942; x_wconf 90' lang='lat' dir='ltr'>et</span> <span class='ocrx_word' id='word_1_289' title='bbox 799 3877 1261 3961; x_wconf 88' lang='lat' dir='ltr'>tranquillitati</span> <span class='ocrx_word' id='word_1_290' title='bbox 1314 3884 1528 3942; x_wconf 86' lang='lat' dir='ltr'>vestre</span> <span class='ocrx_word' id='word_1_291' title='bbox 1582 3885 1858 3962; x_wconf 89' lang='lat' dir='ltr'>paterna</span> <span class='ocrx_word' id='word_1_292' title='bbox 1911 3878 1979 3941; x_wconf 90' lang='lat' dir='ltr'>in</span> <span class='ocrx_word' id='word_1_293' title='bbox 2033 3882 2366 3961; x_wconf 91' lang='lat' dir='ltr'>posterum</span> <span class='ocrx_word' id='word_1_294' title='bbox 2422 3877 2705 3942; x_wconf 90' lang='lat' dir='ltr'>solicitu-</span> 
     </span>
     <span class='ocr_line' id='line_1_35' title="bbox 172 3975 2705 4068; baseline 0.003 -28"><span class='ocrx_word' id='word_1_295' title='bbox 172 3975 306 4044; x_wconf 89' lang='lat' dir='ltr'>dine</span> <span class='ocrx_word' id='word_1_296' title='bbox 357 3984 693 4067; x_wconf 83' lang='lat' dir='ltr'>providere</span> <span class='ocrx_word' id='word_1_297' title='bbox 749 3984 1037 4050; x_wconf 92' lang='lat' dir='ltr'>volentes</span> <span class='ocrx_word' id='word_1_298' title='bbox 1094 3985 1484 4049; x_wconf 89' lang='lat' dir='ltr'>auctoritate</span> <span class='ocrx_word' id='word_1_299' title='bbox 1530 3985 1890 4068; x_wconf 90' lang='lat' dir='ltr'>apostolica</span> <span class='ocrx_word' id='word_1_300' title='bbox 1935 3982 2368 4068; x_wconf 81' lang='lat' dir='ltr'>prohibemuS,</span> <span class='ocrx_word' id='word_1_301' title='bbox 2417 3990 2490 4047; x_wconf 90' lang='lat' dir='ltr'>ut</span> <span class='ocrx_word' id='word_1_302' title='bbox 2535 3983 2705 4048; x_wconf 85' lang='lat' dir='ltr'>infra</span> 
     </span>
     <span class='ocr_line' id='line_1_36' title="bbox 175 4081 2704 4174; baseline 0.004 -30"><span class='ocrx_word' id='word_1_303' title='bbox 175 4081 488 4155; x_wconf 89' lang='lat' dir='ltr'>clausuras</span> <span class='ocrx_word' id='word_1_304' title='bbox 547 4091 835 4157; x_wconf 91' lang='lat' dir='ltr'>locorum</span> <span class='ocrx_word' id='word_1_305' title='bbox 897 4097 1257 4156; x_wconf 91' lang='lat' dir='ltr'>vestrorum</span> <span class='ocrx_word' id='word_1_306' title='bbox 1328 4091 1543 4155; x_wconf 92' lang='lat' dir='ltr'>nullus</span> <span class='ocrx_word' id='word_1_307' title='bbox 1608 4092 1909 4174; x_wconf 90' lang='lat' dir='ltr'>rapinam</span> <span class='ocrx_word' id='word_1_308' title='bbox 1985 4111 2097 4155; x_wconf 91' lang='lat' dir='ltr'>seu</span> <span class='ocrx_word' id='word_1_309' title='bbox 2160 4089 2405 4153; x_wconf 88' lang='lat' dir='ltr'>furtum</span> <span class='ocrx_word' id='word_1_310' title='bbox 2470 4089 2704 4172; x_wconf 87' lang='lat' dir='ltr'>facere,</span> 
     </span>
     <span class='ocr_line' id='line_1_37' title="bbox 175 4186 2705 4281; baseline 0.001 -25"><span class='ocrx_word' id='word_1_311' title='bbox 175 4186 367 4269; x_wconf 81' lang='lat' dir='ltr'>ignem</span> <span class='ocrx_word' id='word_1_312' title='bbox 430 4218 774 4281; x_wconf 90' lang='lat' dir='ltr'>apponere,</span> <span class='ocrx_word' id='word_1_313' title='bbox 842 4199 1221 4281; x_wconf 91' lang='lat' dir='ltr'>sanguinem</span> <span class='ocrx_word' id='word_1_314' title='bbox 1285 4196 1572 4279; x_wconf 87' lang='lat' dir='ltr'>fundere,</span> <span class='ocrx_word' id='word_1_315' title='bbox 1639 4198 1964 4262; x_wconf 92' lang='lat' dir='ltr'>hominem</span> <span class='ocrx_word' id='word_1_316' title='bbox 2028 4202 2271 4261; x_wconf 93' lang='lat' dir='ltr'>temere</span> <span class='ocrx_word' id='word_1_317' title='bbox 2327 4217 2559 4279; x_wconf 90' lang='lat' dir='ltr'>capere</span> <span class='ocrx_word' id='word_1_318' title='bbox 2604 4196 2705 4260; x_wconf 94' lang='lat' dir='ltr'>vel</span> 
     </span>
    </p>
   </div>
   <div class='ocr_carea' id='block_1_5' title="bbox 180 4374 2704 4713">
    <p class='ocr_par' dir='ltr' id='par_1_5' title="bbox 180 4374 2704 4713">
     <span class='ocr_line' id='line_1_38' title="bbox 335 4374 2704 4446; baseline -0.002 -14"><span class='ocrx_word' id='word_1_319' title='bbox 335 4374 354 4406; x_wconf 89' lang='lat'>¹</span> <span class='ocrx_word' id='word_1_320' title='bbox 390 4381 446 4432; x_wconf 89' lang='lat' dir='ltr'>et</span> <span class='ocrx_word' id='word_1_321' title='bbox 481 4378 559 4431; x_wconf 86' lang='lat' dir='ltr'>eis</span> <span class='ocrx_word' id='word_1_322' title='bbox 593 4378 672 4430; x_wconf 92' lang='lat' dir='ltr'>im</span> <span class='ocrx_word' id='word_1_323' title='bbox 708 4376 849 4431; x_wconf 85' lang='lat' dir='ltr'>Text</span> <span class='ocrx_word' id='word_1_324' title='bbox 885 4376 1210 4433; x_wconf 85' lang='lat' dir='ltr'>wiederholt</span> <span class='ocrx_word' id='word_1_325' title='bbox 1246 4376 1361 4429; x_wconf 91' lang='lat' dir='ltr'>und</span> <span class='ocrx_word' id='word_1_326' title='bbox 1398 4375 1552 4430; x_wconf 92' lang='lat' dir='ltr'>nicht</span> <span class='ocrx_word' id='word_1_327' title='bbox 1586 4375 1800 4446; x_wconf 89' lang='lat' dir='ltr'>getilgt.</span> <span class='ocrx_word' id='word_1_328' title='bbox 2020 4374 2042 4406; x_wconf 77' lang='lat'>²</span> <span class='ocrx_word' id='word_1_329' title='bbox 2076 4376 2150 4429; x_wconf 87' lang='lat' dir='ltr'>Es</span> <span class='ocrx_word' id='word_1_330' title='bbox 2188 4376 2350 4429; x_wconf 88' lang='lat' dir='ltr'>stand</span> <span class='ocrx_word' id='word_1_331' title='bbox 2386 4375 2704 4429; x_wconf 87' lang='lat' dir='ltr'>adiacentos</span> 
     </span>
     <span class='ocr_line' id='line_1_39' title="bbox 180 4453 2703 4535; baseline -0.001 -18"><span class='ocrx_word' id='word_1_332' title='bbox 180 4453 268 4527; x_wconf 74' lang='lat'>&lt;183</span> <span class='ocrx_word' id='word_1_333' title='bbox 300 4478 330 4516; x_wconf 94' lang='lat' dir='ltr'>o</span> <span class='ocrx_word' id='word_1_334' title='bbox 364 4464 534 4519; x_wconf 89' lang='lat' dir='ltr'>durch</span> <span class='ocrx_word' id='word_1_335' title='bbox 568 4465 1080 4535; x_wconf 85' lang='lat' dir='ltr'>Unterpunktiercn</span> <span class='ocrx_word' id='word_1_336' title='bbox 1114 4465 1328 4535; x_wconf 89' lang='lat' dir='ltr'>getilgt,</span> <span class='ocrx_word' id='word_1_337' title='bbox 1368 4483 1398 4519; x_wconf 93' lang='lat' dir='ltr'>e</span> <span class='ocrx_word' id='word_1_338' title='bbox 1435 4465 1676 4520; x_wconf 75' lang='lat' dir='ltr'>dariiber</span> <span class='ocrx_word' id='word_1_339' title='bbox 1709 4463 2083 4535; x_wconf 87' lang='lat' dir='ltr'>geschrieben.</span> <span class='ocrx_word' id='word_1_340' title='bbox 2247 4463 2269 4494; x_wconf 83' lang='lat'>³</span> <span class='ocrx_word' id='word_1_341' title='bbox 2305 4463 2464 4519; x_wconf 90' lang='lat' dir='ltr'>Nach</span> <span class='ocrx_word' id='word_1_342' title='bbox 2501 4463 2703 4534; x_wconf 86' lang='lat' dir='ltr'>eligen-</span> 
     </span>
     <span class='ocr_line' id='line_1_40' title="bbox 180 4541 2702 4610; baseline -0 -5"><span class='ocrx_word' id='word_1_343' title='bbox 180 4541 292 4600; x_wconf 73' lang='lat' dir='ltr'>dam</span> <span class='ocrx_word' id='word_1_344' title='bbox 326 4553 411 4607; x_wconf 90' lang='lat' dir='ltr'>ein</span> <span class='ocrx_word' id='word_1_345' title='bbox 446 4558 590 4610; x_wconf 91' lang='lat' dir='ltr'>rotes</span> <span class='ocrx_word' id='word_1_346' title='bbox 627 4554 876 4608; x_wconf 88' lang='lat' dir='ltr'>Zeichen.</span> <span class='ocrx_word' id='word_1_347' title='bbox 950 4553 1220 4608; x_wconf 86' lang='lat' dir='ltr'>Dasselbe</span> <span class='ocrx_word' id='word_1_348' title='bbox 1256 4555 1330 4608; x_wconf 89' lang='lat' dir='ltr'>ist</span> <span class='ocrx_word' id='word_1_349' title='bbox 1365 4571 1453 4608; x_wconf 92' lang='lat' dir='ltr'>am</span> <span class='ocrx_word' id='word_1_350' title='bbox 1491 4553 1688 4608; x_wconf 80' lang='lat' dir='ltr'>Raude</span> <span class='ocrx_word' id='word_1_351' title='bbox 1726 4552 2062 4609; x_wconf 87' lang='lat' dir='ltr'>wiederholt.</span> <span class='ocrx_word' id='word_1_352' title='bbox 2152 4552 2424 4607; x_wconf 77' lang='lat' dir='ltr'>Daneben</span> <span class='ocrx_word' id='word_1_353' title='bbox 2461 4551 2608 4607; x_wconf 89' lang='lat' dir='ltr'>steht</span> <span class='ocrx_word' id='word_1_354' title='bbox 2645 4553 2702 4604; x_wconf 89' lang='lat' dir='ltr'>in</span> 
     </span>
     <span class='ocr_line' id='line_1_41' title="bbox 180 4639 1362 4713; baseline 0.008 -27"><span class='ocrx_word' id='word_1_355' title='bbox 180 4639 309 4689; x_wconf 74' lang='lat' dir='ltr'>rotet</span> <span class='ocrx_word' id='word_1_356' title='bbox 340 4639 563 4697; x_wconf 72' lang='lat' dir='ltr'>schrift:</span> <span class='ocrx_word' id='word_1_357' title='bbox 601 4643 806 4698; x_wconf 87' lang='lat' dir='ltr'>Porro</span> <span class='ocrx_word' id='word_1_358' title='bbox 843 4644 977 4697; x_wconf 88' lang='lat' dir='ltr'>nisi</span> <span class='ocrx_word' id='word_1_359' title='bbox 1014 4644 1362 4713; x_wconf 82' lang='lat' dir='ltr'>exemptis.</span> 
     </span>
    </p>
   </div>
   <div class='ocr_carea' id='block_1_6' title="bbox 2747 2613 3024 2668">
    <p class='ocr_par' dir='ltr' id='par_1_6' title="bbox 2747 2613 3024 2668">
     <span class='ocr_line' id='line_1_42' title="bbox 2747 2613 3024 2668; baseline 0.007 -2"><span class='ocrx_word' id='word_1_360' title='bbox 2747 2613 2865 2668; x_wconf 88' lang='lat' dir='ltr'>Fol.</span> <span class='ocrx_word' id='word_1_361' title='bbox 2906 2619 2972 2667; x_wconf 86' lang='lat'>33</span> <span class='ocrx_word' id='word_1_362' title='bbox 2985 2615 3024 2668; x_wconf 74' lang='lat' dir='ltr'>b.</span> 
     </span>
    </p>
   </div>
  </div>
 </body>
</html>
