3242 5184
156 1519 273 1573 Fol.
315 1524 382 1572 28
394 1520 435 1573 Β.

1531 271 1956 336 -52-

466 451 754 517 revocari
814 450 1257 532 nequiverint,
1323 454 1511 533 pater
1565 448 1772 513 abbas
1829 447 2097 512 consilio
2156 446 2548 512 coabbatum
2605 466 2867 509 suorum
2927 443 3030 508 eis

466 558 783 641 ydoneam
813 556 1152 640 provideat
1183 578 1526 640 personam
1557 562 1623 619 et
1653 555 1751 619 illi
1783 576 1927 620 eam
1960 555 2097 619 sine
2146 552 2655 619 contradictione
2701 552 3034 634 recipiant

465 668 533 729 in
579 664 904 744 abbatem,
955 663 1188 745 quam1
1236 665 1288 726 si
1336 664 1623 747 recipere
1671 662 2196 745 contempserint,
2245 661 2571 726 sentencie
2618 659 3030 739 subiaceant,

468 793 662 854 quam
719 777 907 854 pater
961 769 1165 836 abbas
1226 791 1372 834 cum
1428 770 1696 834 consilio
1745 769 2136 834 coabbatum
2183 789 2447 832 suorum
2493 768 2559 831 in
2607 788 2716 831 eos
2764 765 3035 829 duxerit

469 879 856 943 auctoritate
898 876 1140 942 ordinis
1172 876 1729 960 promulgandam.
1778 875 1884 941 Ad
1915 876 2035 940 hec
2067 875 2373 958 quoniam
2392 872 3039 938 Premonstratensis

469 986 741 1050 ecclesia
769 985 981 1068 prima
1012 990 1222 1048 mater
1253 990 1352 1048 est
1382 985 1669 1049 omnium
1703 983 2123 1048 ecclesiarum
2154 982 2355 1046 totius
2395 980 2638 1046 ordinis
2672 985 2738 1045 et
2765 984 3036 1063 patrem

471 1113 663 1175 super
710 1113 778 1156 se
827 1091 1026 1155 alium
1073 1114 1200 1156 non
1248 1089 1478 1173 habet,
1541 1092 1711 1154 sicut
1755 1089 1838 1154 ad
1887 1089 2208 1153 cautelam
2256 1094 2322 1153 et
2368 1088 2730 1153 custodiam
2776 1085 3034 1152 ordinis

474 1203 789 1264 statutum
823 1204 941 1280 est,
988 1219 1105 1282 per
1150 1204 1283 1262 tres
1330 1197 1602 1262 abbates
1650 1197 1893 1280 primos
1939 1195 2461 1277 Laudunensem,
2509 1192 3032 1274 Floreffiensem,

473 1305 984 1370 Ouissiacensem
1031 1325 1247 1369 annua
1290 1303 1535 1368 ibidem
1579 1304 1866 1368 visitatio
1913 1302 2065 1385 fiat,
2128 1308 2193 1366 et
2240 1303 2294 1365 si
2342 1301 2498 1384 quid
2544 1302 2613 1364 in
2657 1302 2801 1383 ipsa
2833 1299 3034 1364 domo

474 1411 921 1496 corrigendum
986 1412 1214 1492 fuerit,
1282 1410 1529 1493 absque
1587 1411 1820 1475 maiori
1880 1431 1997 1492 per
2061 1430 2170 1474 eos
2249 1408 2581 1473 audientia
2639 1408 3029 1489 corrigatur.

476 1517 722 1600 Quodsi
787 1518 990 1583 abbas
1054 1518 1132 1582 in
1187 1517 1565 1600 corrigendo
1612 1516 1889 1606 tesspidus
1946 1522 2012 1580 et
2065 1514 2300 1580 fratres
2357 1516 2573 1599 sepius
2633 1513 2863 1578 moniti
2927 1516 3032 1576 in-

474 1625 874 1707 corrigibiles
920 1625 1416 1708 permanserint,
1465 1623 1547 1689 ad
1594 1623 1895 1706 generale
1943 1622 2301 1706 capitulum
2346 1621 2669 1686 referatur
2715 1625 2800 1702 et,
2858 1620 3036 1683 sicut

475 1731 703 1796 melius
750 1732 959 1796 visum
1017 1730 1249 1813 fuerit,
1319 1730 1626 1796 0011311102
1670 1730 1989 1813 generalis
2037 1728 2307 1811 capituli
2354 1726 2733 1792 emendetur
2779 1732 2844 1791 et
2882 1746 3031 1790 sen-

474 1837 688 1903 tencia
750 1838 817 1901 in
873 1837 995 1902 hac
1050 1844 1236 1920 parte
1297 1837 1566 1920 capituli
1628 1838 1766 1901 sine
1823 1837 2288 1901 retractatione
2349 1835 2569 1917 aliqua
2626 1833 3030 1899 observetur.

475 1943 786 2026 Quotiens
834 1965 985 2008 vero
1034 1944 1305 2008 ecclesia
1341 1942 1966 2008 Premonstratensis
2014 1943 2152 2006 sine
2200 1941 2439 2007 abbate
2486 1940 2702 2022 fuerit,
2752 1939 2835 2005 ad
2881 1958 3032 2022 pre-

471 2050 642 2116 fatos
689 2056 823 2115 tres
871 2050 1143 2115 abbates
1192 2052 1329 2114 eius
1377 2072 1533 2115 cura
1577 2051 1879 2134 respitiat
1925 2055 1990 2114 et
2036 2071 2075 2113 a
2121 2050 2446 2114 canonicis
2504 2048 2709 2130 ipsius
2757 2046 3033 2110 ecclesie

475 2179 621 2222 cum
676 2178 898 2222 eorum
947 2157 1215 2222 consilio
1261 2178 1540 2240 persona
1575 2159 1644 2221 in
1691 2157 1999 2221 abbatem
2045 2155 2297 2239 ydonea
2344 2155 2642 2239 eligatur,
2691 2152 2776 2218 ad
2823 2153 3032 2217 consi-

472 2265 631 2328 lium
678 2285 866 2328 suum
914 2270 1195 2345 quatuor
1242 2263 1388 2347 alijs
1436 2263 1789 2330 abbatibus
1836 2263 1919 2329 ad
1968 2262 2238 2327 eandem
2271 2261 2613 2326 ecclesiam
2648 2259 3030 2342 pertinenti-

474 2371 597 2435 bus
660 2372 908 2454 pariter
963 2371 1328 2453 advocatis,
1386 2393 1548 2453 quos
1594 2372 1722 2455 ipsi
1778 2370 2070 2435 canonici
2133 2368 2535 2452 providerint
2598 2364 3028 2431 advocandos.

474 2477 706 2543 Liceat
751 2499 1009 2561 quoque
1054 2479 1404 2560 unicuique
1451 2478 1646 2542 matri
1695 2478 1963 2541 ecclesie
2010 2475 2254 2541 ordinis
2300 2475 2499 2540 vestri
2558 2495 2704 2538 cum
2760 2472 3031 2538 consilio

476 2583 735 2649 abbatis
782 2583 1405 2650 Premonstratensis
1454 2584 1533 2649 de
1581 2583 1932 2649 abbatibus
1980 2583 2419 2664 ecclesiarum,
2469 2602 2594 2663 que
2643 2580 2725 2644 ab
2755 2600 2834 2644 ea
2879 2601 3028 2662 pro-

478 2692 751 2756 cessisse
814 2697 1197 2772 noscuntur,
1265 2692 1397 2755 sive
1459 2692 1657 2756 etiam
1723 2690 1801 2754 de
1867 2690 1997 2754 alia
2063 2689 2351 2754 eiusdem
2417 2687 2660 2753 ordinis
2724 2685 3031 2751 inferiore

480 2798 753 2862 ecclesia
801 2799 952 2879 sive,
1003 2819 1470 2880 quemcumque
1524 2797 1836 2878 voluerit,
1886 2798 1942 2860 si
1987 2802 2208 2860 tamen
2261 2794 2549 2878 ydoneus
2605 2793 2914 2874 extiterit,
2963 2794 3030 2856 in

479 2904 786 2969 abbatem
818 2926 1166 2969 assumere.
1232 2903 1586 2969 Personam
1618 2909 1838 2968 autem
1870 2904 1950 2967 de
1983 2903 2110 2968 alio
2143 2902 2367 2967 ordine
2396 2901 2577 2965 nulla
2608 2900 3032 2965 ecclesiarum

480 3017 840 3075 vestrarum
889 3010 1015 3074 sibi
1046 3011 1246 3094 eligat
1274 3011 1341 3073 in
1374 3010 1679 3075 abbatem
1710 3031 1830 3075 nec
1859 3011 2059 3074 vestri
2091 3009 2336 3074 ordinis
2370 3008 2590 3091 aliqua
2619 3007 2688 3070 in
2721 3006 3030 3071 abbatem

477 3118 850 3201 monasterij
895 3117 1164 3182 alterius
1197 3117 1459 3198 ordinis,
1507 3118 1635 3181 nisi
1682 3116 1761 3181 de
1810 3117 2198 3181 auctoritate
2230 3115 2523 3180 Romane
2557 3113 2827 3179 ecclesie
2860 3113 3029 3178 ordi-

477 3229 685 3289 netur.
777 3223 955 3289 Nulli
1020 3225 1217 3289 etiam
1281 3224 1623 3288 canonicos
1688 3223 1789 3287 vel
1846 3243 2186 3287 conversos
2245 3228 2493 3286 vestros
2559 3221 2697 3285 sine
2755 3219 3031 3284 licencia

479 3330 791 3396 abbatum
836 3331 1122 3414 recipere
1169 3336 1283 3394 aut
1329 3336 1663 3414 susceptos
1709 3328 1905 3393 liceat
1949 3329 2246 3393 retinere.
2333 3328 2503 3393 Sane
2548 3327 2711 3391 nulli
2757 3326 3031 3390 ecclesie

478 3439 677 3502 vestri
724 3437 966 3502 ordinis
1013 3437 1208 3501 liceat
1253 3437 1335 3501 ad
1383 3436 1669 3519 aliquam
1717 3436 1912 3500 aliam
1957 3436 2424 3518 professionem
2470 3435 2838 3499 temeritate
2870 3454 3029 3516 qua-

476 3544 641 3609 libet
672 3565 740 3608 se
772 3543 1144 3608 transferre.
1224 3542 1293 3608 Si
1325 3564 1450 3626 que
1481 3564 1633 3608 vero
1666 3542 1935 3606 ecclesie
1969 3543 2423 3607 canonicorum
2471 3541 2737 3605 alterius
2786 3540 3030 3604 ordinis

480 3650 562 3715 ad
611 3648 900 3715 ordinem
944 3656 1229 3713 vestrum
1275 3650 1604 3731 venerint,
1655 3648 1739 3713 ad
1787 3648 2147 3726 ecclesiam,
2180 3648 2380 3713 vestri
2436 3648 2679 3713 ordinis
2743 3646 3034 3711 habeant

480 3757 617 3821 sine
686 3754 1128 3838 refragacione
1191 3762 1591 3839 respectum,
1658 3756 1725 3819 in
1783 3776 1912 3838 qua
1967 3761 2253 3819 vestrum
2318 3758 2672 3820 noscuntur
2736 3753 3030 3817 ordinem

480 3864 929 3947 assumpsisse.
1040 3862 1351 3927 Preterea
1428 3863 1483 3926 si
1557 3862 1767 3925 inter3
1831 3861 2085 3944 aliquas
2151 3860 2456 3926 ecclesias
2520 3860 2720 3924 vestri
2785 3859 3030 3924 ordinis

482 3969 561 4033 de
623 3968 1089 4053 temporalibus
1156 3970 1408 4051 questio
1483 3969 1858 4050 emerserit,
1935 3990 2065 4032 non
2127 3973 2311 4032 extra
2372 3967 2662 4033 ordinem
2727 3966 3029 4030 ecclesia-

482 4078 689 4142 stica⁴
747 4077 902 4140 aut⁶
958 4075 1266 4140 secularis
1318 4074 1660 4140 audiencia
1707 4076 2080 4158 requiratur
2101 4125 2116 4156 ,
2185 4073 2300 4139 sed
2347 4074 2673 4138 mediante
2721 4072 3029 4138 Premon-

481 4183 789 4247 stratensi
854 4182 1091 4247 abbate
1157 4188 1222 4246 et
1286 4183 1556 4265 ceteris,
1624 4204 1787 4265 quos
1851 4182 2179 4247 vocaverit
2199 4231 2215 4263 ,
2279 4186 2394 4245 aut
2459 4181 2797 4245 caritative
2861 4181 3033 4244 inter

659 4450 678 4481 ¹
715 4448 1022 4503 Handschr.
1062 4451 1211 4519 quia.
1350 4449 1371 4481 ⁹
1406 4468 1432 4504 s
1468 4467 1580 4506 von
1615 4450 1850 4505 anderer
1885 4449 2055 4503 Hand
2092 4465 2191 4503 aus
2228 4466 2272 4502 c.
2419 4448 2441 4480 ⁸
2476 4449 2523 4502 si
2559 4449 2704 4503 inter
2737 4465 2852 4503 von
2890 4447 3027 4502 ders.

479 4538 647 4593 Hand
684 4556 784 4593 aus
820 4544 964 4594 sunt.
1180 4538 1202 4569 ⁴
1239 4539 1365 4594 Von
1402 4540 1541 4593 ders.
1580 4538 1750 4593 Hand
1788 4556 1887 4591 aus
1925 4538 2169 4593 ecclesia.
2375 4539 2397 4568 ⁵
2432 4537 2558 4593 Von
2593 4537 2827 4591 andei-er
2862 4535 3028 4591 Hand

480 4627 652 4682 durch
689 4634 1055 4697 vorgesetztes
1093 4645 1126 4681 a
1162 4645 1262 4682 aus
1298 4634 1375 4682 ut.
