3242 5184
481 464 991 547 Privilegium
1038 463 1493 528 monialium
1541 461 2105 528 Cisterciensis
2155 463 2477 529 ordinis,

392 624 793 708 Religiosam
856 625 1057 689 vitam
1116 630 1237 688 etc.
1304 645 1511 706 usque
1595 624 2082 689 communimus,
2201 622 2507 706 Inprimis
2573 624 2770 705 siqui-

207 731 364 797 dem
410 737 531 796 etc.
582 752 787 814 usque
842 730 1238 796 observetur.
1322 730 1635 795 Preterea
1682 750 2123 813 quascumque
2164 731 2606 813 possessiones
2649 736 2767 794 etc.

208 859 426 921 usque
490 843 934 920 permaneant.
1027 836 1107 901 In
1172 836 1407 919 quibus
1471 836 1577 901 hic
1642 837 1921 921 proprijs
1986 836 2286 901 duximus
2354 836 2771 920 exprimenda

206 944 577 1011 vocabulis:
621 943 868 1010 Locum
898 944 1113 1028 ipsum
1145 949 1264 1008 etc.
1299 965 1505 1026 usque
1537 942 1931 1026 possidebat.
1999 942 2169 1008 Sane
2200 942 2497 1008 laborum
2527 949 2769 1008 vestro·
2841 967 2845 971 ’

206 1073 362 1116 rum
423 1057 546 1117 etc.
598 1071 804 1133 usque
862 1056 1213 1133 presumat.
1306 1050 1538 1115 Liceat
1586 1071 1843 1133 quoque
1909 1050 2091 1115 vobis
2157 1071 2467 1133 personas
2529 1044 2770 1114 liberas

212 1165 286 1223 et
332 1158 670 1223 absolutas
727 1178 761 1221 e
823 1157 1037 1223 seculo
1075 1157 1092 1247 ΙΙ
1131 1158 1448 1239 fugientes
1509 1156 1592 1220 ad
1649 1158 2131 1223 conversionem
2198 1156 2488 1241 recipere
2549 1161 2615 1221 et
2661 1177 2770 1221 eas
2807 1172 2926 1227 Fol.
2967 1178 3033 1226 32
3050 1179 3086 1224 α.

211 1265 468 1348 absque
516 1263 1023 1330 contradictione
1071 1264 1292 1347 aliqua
1322 1265 1621 1328 retinere.
1705 1263 2135 1329 Prohibemus
2166 1265 2448 1346 insuper,
2496 1269 2570 1328 ut
2610 1262 2773 1327 nulli

147 1376 155 1383 ’
212 1391 511 1436 sororum
564 1376 926 1434 vestrarum
983 1376 1132 1454 post
1185 1369 1426 1434 factam
1478 1372 1545 1434 in
1599 1370 1992 1434 monasterio
2049 1375 2264 1435 vestro
2310 1370 2773 1452 professionem

211 1476 317 1541 fas
374 1477 461 1540 sit
516 1477 655 1541 sine
712 1476 1045 1541 abbatisse
1105 1498 1217 1541 sue
1262 1477 1526 1541 licentia
1580 1475 1661 1540 de
1708 1476 1934 1542 eodem
1978 1476 2120 1541 loco
2167 1476 2519 1558 discedere,
2570 1475 2771 1540 disce-

214 1582 478 1647 dentem
541 1603 691 1648 vero
757 1589 878 1647 etc.
944 1605 1149 1666 usque
1213 1585 1511 1648 retinere.
1604 1583 1777 1648 Illud
1825 1583 2180 1648 districtius
2239 1582 2626 1665 inhibenteS,
2691 1604 2773 1647 ne

212 1693 428 1752 terras
469 1710 583 1753 seu
613 1689 953 1773 quodlibet
995 1689 1384 1755 beneficium
1431 1690 1699 1755 ecclesie
1747 1696 1958 1755 vestre
2005 1689 2310 1754 collatum
2353 1690 2549 1755 liceat
2578 1689 2773 1754 alicui

213 1795 650 1879 personaliter
715 1796 857 1861 dari
922 1797 1055 1861 sive
1120 1796 1247 1862 alio
1312 1796 1501 1862 modo
1567 1797 1839 1862 alienari
1895 1797 2142 1880 absque
2199 1818 2518 1861 consensu
2572 1797 2773 1862 totius

215 1902 491 1985 capituli
520 1903 622 1967 vel
654 1903 922 1969 maioris
956 1909 1071 1968 aut
1101 1904 1377 1968 sanioris
1407 1904 1614 1986 partis
1646 1905 1870 1987 ipsius.
1935 1903 2005 1969 Si
2039 1924 2164 1987 que
2195 1925 2345 1968 vero
2393 1903 2773 1969 donationes

217 2015 338 2074 aut
393 2009 817 2076 alienationes
874 2011 1083 2092 aliter,
1147 2031 1342 2093 quam
1401 2010 1644 2074 dictum
1691 2017 1810 2093 est,
1874 2012 2044 2076 facte
2090 2010 2349 2092 fuerint,
2399 2031 2508 2075 eas
2555 2011 2774 2098 irritas

217 2137 364 2182 esse
422 2137 776 2182 censemus.
870 2116 1148 2200 Insuper
1205 2118 1594 2182 auctoritate
1643 2118 2001 2202 apostolica
2046 2116 2410 2199 inhibemus
2459 2117 2621 2181 etc.l
2666 2138 2772 2182 us-

219 2244 350 2305 que
405 2223 819 2289 intromittat.
913 2223 1042 2288 Pro
1099 2224 1692 2289 consecrationibus
1746 2244 1897 2290 vero
1954 2223 2258 2287 altarium
2313 2223 2412 2287 vel
2472 2223 2772 2288 ecclesia-

218 2351 367 2395 rum
414 2331 546 2394 sive
594 2351 711 2412 pro
760 2330 901 2396 oleo
951 2336 1175 2396 sancto
1220 2330 1320 2394 vel
1368 2330 1661 2414 quolibet
1705 2331 1832 2396 alio
1880 2329 2318 2396 ecclesiastico
2367 2337 2772 2396 sacramento

219 2436 441 2501 nullus
475 2458 514 2501 a
544 2437 726 2502 vobis
760 2437 879 2501 sub
913 2437 1182 2503 obtentu
1214 2437 1696 2502 consuetudinis
1731 2443 1851 2502 etc.
1900 2458 2106 2519 usque
2152 2437 2501 2520 impendat.
2595 2437 2773 2502 Alio-

221 2543 381 2626 quin
438 2548 558 2608 etc.
634 2566 840 2626 usque
911 2543 1262 2627 impendat.
1358 2541 1604 2624 Quodsi
1670 2544 1854 2609 sedes
1914 2544 2257 2627 dyocesani
2322 2545 2605 2627 episcopi
2652 2549 2771 2607 etc.

219 2670 430 2732 usque
473 2650 901 2734 preiudicium
946 2656 1308 2733 generetur.
1404 2649 1573 2732 Quia
1629 2672 1779 2716 vero
1824 2650 2151 2715 interdum
2196 2650 2438 2734 proprij
2490 2651 2775 2733 episcopi

219 2757 474 2838 copiam
519 2778 648 2822 non
693 2757 968 2838 habetis,
1018 2759 1073 2821 si
1119 2778 1311 2840 quem
1357 2759 1729 2841 episcopum
1774 2757 2068 2822 Romane
2115 2756 2307 2838 sedis,
2355 2762 2430 2820 ut
2475 2756 2772 2837 diximus,

216 2862 505 2945 graciam
560 2869 627 2928 et
690 2864 1203 2928 communionem
1255 2863 1621 2945 habentem,
1689 2871 1756 2928 et
1821 2863 1898 2927 de
1963 2885 2090 2945 quo
2145 2863 2405 2946 plenam
2468 2864 2775 2928 noticiam

218 2968 546 3051 habeatiS,
596 2991 715 3052 per
749 2991 861 3034 vos
900 2971 1180 3034 transire
1219 2971 1582 3053 contigerit,
1623 2970 1706 3034 ab
1747 2992 1822 3036 eo
1859 2969 2341 3035 benedictiones
2377 2969 2773 3051 monialium,

218 3097 521 3140 vasorum
579 3083 644 3140 et
689 3077 983 3158 vestium,
1046 3077 1562 3142 consecrationes
1618 3077 1923 3142 altarium
1980 3076 2367 3141 auctoritate
2422 3075 2775 3159 apostolice

218 3181 392 3247 sedis
424 3183 712 3264 recipere
748 3184 1042 3248 valeatiS.
1107 3183 1311 3249 Porro
1345 3185 1400 3248 si
1432 3184 1716 3267 episcopi
1753 3184 1855 3248 vel
1895 3183 2003 3268 alij
2041 3183 2458 3247 ecclesiarum
2490 3188 2774 3247 rectores

217 3294 343 3355 etc.
378 3310 585 3372 usque
614 3289 1018 3355 irritandam.
1079 3290 1138 3353 N
1141 3311 1213 3354 ec
1244 3290 1374 3355 ulle
1404 3289 1621 3354 littere
1654 3296 1774 3354 etc.
1808 3311 2015 3373 usque
2053 3290 2407 3372 impetrari.
2465 3290 2777 3354 Preterea

216 3417 366 3461 cum
421 3417 757 3461 commune
802 3396 1221 3461 interdictum
1268 3402 1389 3461 etc.
1447 3418 1655 3480 usque
1702 3396 2049 3462 celebrare.
2142 3395 2300 3460 Paci
2348 3417 2604 3479 quoque
2652 3401 2773 3460 etc.

217 3522 426 3584 usque
474 3523 791 3568 exercere.
885 3502 1196 3567 Preterea
1243 3524 1464 3568 omnes
1494 3502 1831 3569 libertates
1864 3509 1984 3568 etc.
2034 3524 2241 3584 usque
2288 3503 2773 3568 communimuS.

215 3609 642 3677 Decernimus
676 3615 796 3678 etc.
831 3631 1036 3693 usque
1083 3609 1441 3692 profutura.
1517 3608 1714 3674 Salva
1754 3610 1926 3674 sedis
1965 3609 2317 3692 apostolice
2365 3609 2773 3674 auctoritate.

212 3715 286 3781 Si
335 3737 466 3798 qua
514 3721 635 3780 etc.
685 3737 893 3799 usque
937 3717 1006 3780 in
1052 3716 1264 3781 finem.

479 4016 910 4106 ''Dominus
975 4016 1337 4083 Urbanus
1403 4019 1646 4102 papa2
1710 4018 2099 4083 concessit
2162 4017 2295 4082 has
2361 4018 2773 4101 indulgen·
2813 4026 2928 4082 Fol.
2972 4026 3090 4080 32¹².

575 4124 721 4188 tias
769 4121 1456 4189 Cisterciensibus.

387 4282 890 4349 Venerabilibus
949 4283 1261 4350 fratribus
1303 4334 1317 4349 .
1361 4334 1374 4349 .
1417 4284 1918 4367 archiepiscopis
1984 4291 2050 4349 et
2089 4334 2102 4349 .
2147 4334 2160 4349 .
2203 4285 2522 4369 episcopis
2572 4290 2636 4349 et
2685 4284 2776 4348 di-

206 4390 397 4456 lectis
460 4388 614 4473 filijs
655 4439 670 4455 .
712 4439 727 4454 .
767 4390 1118 4455 abbatibus
1175 4396 1296 4455 etc.
1389 4390 1670 4457 Dilecti3
1733 4389 1845 4475 filij
1892 4440 1905 4455 .
1949 4440 1962 4456 .
2006 4391 2211 4456 abbas
2258 4390 2547 4474 Cistercij
2609 4392 2776 4455 eius-

389 4586 408 4617 ¹
444 4585 573 4640 Von
611 4586 900 4641 derselben
937 4586 1106 4641 Hand
1143 4586 1284 4642 iiber
1320 4587 1418 4642 der
1456 4587 1620 4642 Zeile.
1789 4587 1810 4618 ²
1846 4587 2038 4643 Liicke
2075 4587 2165 4643 fiir
2201 4589 2289 4645 die
2329 4587 2770 4662 Ordnungszahl.

209 4674 230 4706 ⁸
266 4674 528 4730 Dariiber
568 4680 613 4729 1.
650 4676 710 4729 in
746 4680 893 4731 rotet
928 4675 1148 4732 Schrift.
