3242 5184
176 2979 292 3034 Fol.
334 2985 400 3032 34
414 2988 451 3033 ⁸.

1567 275 1992 338 -62—

494 451 856 518 interficere
905 471 1020 515 seu
1064 450 1437 516 violentiam
1476 451 1718 516 audeat
1763 471 2061 516 exercere
2075 450 2118 515 ¹.
2229 449 2540 516 Preterea
2595 471 2817 515 omnes
2864 450 3071 515 liber-

494 564 662 623 tates
702 564 768 623 et
802 558 1265 638 immunitates,
1300 578 1462 640 quas
1504 558 1895 623 monasterio
1927 563 2140 622 vestro
2170 556 2560 622 venerabilis
2599 556 2804 622 frater
2833 560 3071 636 noster

493 664 581 729 M.
639 664 1001 729 Esculanus
1065 664 1403 748 episcopus
1473 662 1552 728 de
1619 665 1889 748 capituli
1955 664 2056 728 sui
2111 685 2383 729 assensu
2436 663 2783 728 indulsisse
2842 663 3070 730 dinos-

495 773 682 853 citur,
740 773 911 836 sicut
966 772 1033 835 in
1089 773 1181 836 eis
1237 771 1474 835 litteris
1520 770 1773 853 plenius
1822 771 2209 854 continetur,
2259 771 2648 836 auctoritate
2695 769 3070 854 apostolica

495 876 947 943 confirmamus
1010 884 1077 943 et
1107 879 1452 962 ¹presentis
1517 877 1744 960 scripti
1807 876 2142 961 privilegio
2208 878 2694 943 communimus
2804 877 3069 942 Tenore

494 976 712 1050 autem
756 986 1125 1050 litterarum
1172 990 1292 1050 etc.
1384 984 1812 1050 Decernimus
1859 1004 2010 1066 ergo
2058 990 2179 1049 etc.
2228 1005 2436 1067 usque
2482 986 2550 1048 in
2594 984 2810 1050 finem.

760 1216 1139 1299 Magistro
1186 1216 1555 1299 religiose
1594 1215 1884 1281 milicie
1934 1215 2235 1298 templi,
2273 1216 2291 1305 Η
2330 1216 2528 1299 quod
2573 1215 3063 1282 Ierosolimis

850 1325 1078 1387 situm
1126 1329 1276 1405 est,
1327 1324 1649 1405 eiusque
1687 1321 2066 1386 fratribus
2098 1329 2250 1387 tam
2284 1322 2784 1406 presentibus
2832 1344 3063 1405 quam

846 1430 1139 1495 futuris
1184 1431 1773 1513 imperpetuum.

606 1577 610 1581 ’
674 1589 977 1676 [Ο]1111103
1024 1590 1248 1655 datum
1296 1590 1611 1674 optimum
1660 1594 1727 1653 et
1773 1611 1959 1654 omne
1994 1590 2272 1655 (1011111113
2308 1589 2666 1674 perfectum
2713 1589 3059 1654 desursum

495 1702 596 1761 est
676 1695 1136 1782 de[scendens]
1222 1719 1261 1761 a
1340 1699 1593 1783 pa[tre]
1678 1695 1747 1759 lu
1761 1697 2102 1782 [minum],
2198 1695 2374 1780 apud
2468 1718 2660 1779 quem
2743 1718 2871 1760 non
2957 1702 3063 1760 est

492 1808 555 1867 tr
566 1804 1017 1888 [ansmutatio]
1094 1825 1212 1868 nec
1285 1804 1348 1866 vi
1360 1802 1820 1890 [cissitudinis]
1896 1802 2325 1868 obumbratio,
2434 1801 2746 1884 Proinde,
2832 1802 3060 1866 dilecti

492 1909 560 1972 in
642 1908 897 1974 Christo
978 1909 1134 1993 filij,
1226 1910 1309 1975 ad
1392 1909 1723 1992 exemplar
1805 1907 2010 1973 felicis
2091 1910 2567 1975 recordacionis
2640 1909 3059 1992 predecesso-

493 2037 636 2079 rum
708 2021 1078 2081 nostrorum
1142 2016 1528 2098 Alexandri,
1607 2014 1834 2097 Lucij,
1910 2015 2161 2081 Urbani
2242 2022 2310 2081 et
2381 2015 2731 2081 Clementis
2815 2015 3061 2080 Roma-

493 2144 723 2187 norum
794 2122 1174 2206 pontificum
1251 2122 1330 2188 de
1408 2123 1590 2189 vobis
1666 2127 1732 2186 et
1806 2144 1923 2205 pro
1996 2122 2179 2187 vobis
2269 2123 2776 2206 omnipotentem
2851 2122 3060 2187 domi-

493 2250 661 2292 num·
712 2228 1183 2311 collaudamuS,
1252 2232 1558 2313 quoniam
1622 2229 1691 2292 in
1757 2229 2054 2293 universo
2114 2229 2355 2293 mundo
2418 2234 2636 2293 vestra
2700 2229 2925 2311 religio
2993 2236 3063 2293 et

492 2334 859 2400 veneranda
920 2336 1251 2402 institucio
1310 2338 1678 2401 nunciatur.
1773 2334 1934 2399 Cum
1990 2336 2160 2399 enim
2217 2342 2451 2400 natura
2498 2336 2726 2400 essetis
2771 2335 2886 2419 filij
2937 2337 3058 2418 ire,

493 2463 661 2506 nunc
715 2463 832 2525 per
889 2442 1288 2526 aspirantem
1348 2443 1635 2525 graciam
1692 2440 2002 2524 evangelij
2065 2463 2194 2506 non
2241 2442 2419 2507 surdi
2466 2442 2796 2507 auditores
2845 2441 3061 2507 effecti

491 2549 736 2613 relictis
783 2549 1036 2632 pompis
1070 2549 1467 2614 secularibus
1502 2555 1566 2614 et
1611 2547 1806 2612 rebus
1853 2549 2154 2632 proprijS,
2205 2547 2473 2613 dimissa
2521 2549 2717 2614 etiam
2767 2550 3062 2632 spatiosa

492 2656 615 2738 via,
666 2676 790 2737 que
824 2655 1002 2719 ducit
1033 2655 1116 2719 ad
1149 2661 1444 2738 mortem,
1494 2661 1712 2720 artum
1742 2655 1886 2737 iter,
1921 2655 2094 2737 quod
2129 2654 2309 2720 ducit
2339 2655 2422 2719 ad
2453 2656 2675 2738 vitam,
2724 2656 3062 2720 humiliter

494 2760 780 2843 elegistis
827 2767 1023 2843 atque
1071 2761 1154 2826 ad
1202 2761 1691 2842 ostendendum,
1741 2761 1915 2843 quod
1951 2763 2017 2825 in
2051 2761 2154 2826 dei
2201 2762 2435 2827 militia
2473 2761 2845 2845 specialiter
2880 2783 3055 2827 com-

491 2867 824 2949 putemini,
884 2869 1139 2950 signum
1192 2868 1440 2933 vivifice
1497 2868 1706 2932 crucis
1761 2868 1828 2930 in
1883 2874 2098 2933 vestro
2152 2874 2415 2952 pectore
2474 2868 2733 2933 assidue
2782 2869 3057 2934 circum-

491 2972 694 3038 fertiS.
788 2971 1063 3040 Accedit
1117 2976 1200 3040 ad
1245 2975 1387 3057 hoc,
1437 2973 1610 3057 quod
1674 2979 2009 3057 tamquam
2069 2976 2191 3039 viri
2261 2974 2605 3039 Israhelite
2643 2975 2660 3063 Η
2698 2980 2894 3058 atque
2959 2977 3058 3040 in-

494 3080 905 3144 structissimi
957 3081 1157 3146 divini
1217 3080 1406 3165 prelii
1453 3080 1801 3146 bellatores
1863 3103 2011 3146 vere
2077 3082 2370 3147 caritatis
2434 3081 2698 3147 flamma
2763 3084 3056 3146 succensi

493 3186 735 3251 dictum
775 3187 1215 3269 evangelicum
1248 3188 1552 3272 operibus
1586 3186 1985 3270 adimpletis,
2035 3209 2162 3270 quo
2210 3189 2473 3253 dicitur:
2526 3187 2885 3271 „Maiorem
2930 3189 3058 3253 hac

494 3292 901 3359 dilectionem
964 3310 1152 3360 nemo
1198 3294 1418 3376 habet,
1484 3316 1681 3377 quam
1745 3300 1820 3359 ut
1874 3296 2157 3359 animam
2214 3317 2398 3361 suam
2460 3301 2661 3379 ponat
2725 3295 2870 3376 quis
2935 3318 3055 3380 pro

493 3401 717 3464 amicis
766 3401 963 3465 suis“.
1031 3401 1218 3466 Unde
1251 3423 1396 3466 cum
1428 3403 1610 3466 iuxta
1643 3403 1878 3465 summi
1909 3402 2188 3485 pastoris
2235 3423 2457 3477 vocem
2505 3403 2754 3467 animas
2801 3408 3053 3467 vestras

491 3529 608 3589 pro
662 3505 976 3572 fratribus
1031 3529 1269 3589 ponere
1316 3510 1621 3592 ipsosque
1680 3508 1762 3573 ab
1820 3508 2186 3572 incursibus
2247 3530 2649 3591 paganorum
2715 3507 3054 3574 defensare

490 3615 755 3678 minime
783 3613 1143 3678 formidetis
1174 3617 1295 3700 [et]
1326 3636 1473 3680 011111
1500 3616 1760 3680 1101111110
1789 3615 2181 3679 censeamini
2209 3615 2448 3679 milites
2480 3614 2783 3700 [templi],
2815 3617 3052 3680 consti-

490 3721 615 3784 tuti
666 3722 823 3785 estis
879 3740 918 3783 a
967 3720 1225 3785 domino
1276 3721 1544 3786 ecclesie
1596 3720 1912 3786 catholice
1964 3720 2333 3787 defensores
2397 3728 2462 3786 et
2520 3723 3050 3804 impungnatores

489 3827 774 3892 hostium
796 3827 1004 3891 crucis
1021 3827 1280 3892 Christi.
1319 3826 1507 3892 Licet
1523 3834 1742 3892 autem
1755 3833 2043 3891 vestrum
2064 3827 2348 3892 studium
2369 3834 2435 3893 et
2447 3828 2773 3893 laudenda
2788 3828 3051 3895 devocio

491 3934 559 3996 in
586 3940 723 3998 tam
752 3956 935 3999 sacro
967 3955 1160 4017 opere
1190 3939 1327 3999 toto
1355 3935 1545 4000 corde
1576 3941 1847 4018 totaque
1871 3940 2087 3999 mente
2123 3934 2419 4016 desudet,
2459 3935 2914 4000 nichilominus
2953 3943 3049 4001 ta-

494 4062 638 4104 men
658 4041 1149 4106 universitatem
1180 4047 1462 4105 vestram
1496 4041 1911 4105 exhortamur
1941 4041 2009 4104 in
2030 4040 2289 4106 domino
2322 4047 2518 4123 atque
2548 4043 2616 4104 in
2635 4048 3049 4124 peccatorum

492 4148 940 4213 remissionem
985 4148 1376 4212 auctoritate
1414 4147 1517 4211 dei
1549 4155 1617 4212 et
1662 4148 1839 4212 beati
1871 4147 2053 4212 Petri
2098 4147 2538 4231 apostolorum
2568 4149 2883 4232 principis
2914 4154 3049 4213 tam

493 4254 674 4319 vobis
722 4275 918 4337 quam
968 4254 1396 4320 servientibus
1442 4255 1676 4320 vestris
1723 4255 2137 4338 iniungimuS,
2187 4261 2260 4319 ut
2304 4277 2421 4339 pro
2454 4255 2696 4319 tuenda
2730 4255 3047 4321 catholica

673 4470 691 4500 ¹
729 4468 887 4525 Nach
933 4486 1182 4524 exercere
1227 4470 1317 4523 ein
1353 4474 1498 4524 rotes
1535 4469 1786 4523 Zeichen.
1861 4469 1943 4523 Zu
1988 4468 2305 4524 demselben
2350 4469 2586 4524 Zeichen
2623 4487 2714 4523 am
2749 4468 2945 4525 Rande
2988 4471 3044 4522 in

491 4564 638 4612 10101
673 4544 900 4612 Sabi—ist:
951 4558 1079 4613 Non
1123 4559 1230 4611 nisi
1275 4560 1554 4627 exemptis.
1774 4557 1795 4589 ²
1831 4558 1939 4612 Die
1985 4558 2209 4612 Initiale
2257 4557 2304 4612 Ο
2321 4600 2334 4627 ,
2386 4557 2478 4611 fiir
2512 4556 2720 4613 welche
2756 4558 2915 4613 Platz
2950 4556 3049 4613 auf

495 4647 613 4701 drei
651 4648 838 4702 Zeilen
874 4648 1126 4718 gelassen
1162 4666 1292 4716 war,
1331 4649 1402 4701 ist
1439 4665 1731 4718 vergessen
1767 4646 2007 4701 worden.
2238 4647 2259 4681 ²¹
2295 4646 2605 4702 Handschr.
2643 4647 2852 4702 (10111111.
