3242 5184
1306 303 1752 365 *53*

245 499 358 542 eas
406 483 832 560 componatur
878 482 994 542 aut
1025 477 1266 542 auditis
1312 483 1661 559 utrumque
1706 477 2069 542 rationibus
2103 477 2329 543 eadem
2360 480 2798 544 controversia

241 584 416 648 iusto
461 582 694 649 iuditio
740 584 1140 649 terminetur.
1233 584 1342 649 Ad
1388 584 1699 649 maiorem
1747 605 2005 667 quoque
2052 584 2295 649 ordinis
2341 586 2540 649 vestri
2569 607 2797 669 pacem

239 690 753 756 conservandam
799 689 1156 756 districtius
1202 690 1640 775 prohibemuS,
1689 712 1769 756 ne
1802 691 2036 774 aliquis
2068 691 2469 775 prelatorum
2499 692 2600 757 vel
2647 692 2796 757 sub-

241 797 528 863 ditorum
573 802 936 863 vestrorum
981 798 1048 862 in
1094 799 1249 882 hijs,
1318 819 1443 881 que
1500 798 1584 862 ad
1642 797 2049 882 disciplinam
2097 804 2162 863 et
2207 799 2508 863 instituta
2553 798 2795 864 ordinis

244 909 567 988 spectant,
617 904 875 986 audeat,
923 911 1118 989 prout
1148 909 1466 970 statutum
1501 910 1603 969 est
1646 905 1714 968 in
1759 904 2190 970 Lateranensi
2237 905 2528 987 concili0,
2576 905 2794 988 appel-

237 1011 403 1093 lare,
438 1011 551 1076 sed
574 1012 630 1076 si
662 1012 1007 1095 quisquam
1039 1012 1369 1097 appellare
1400 1012 1834 1095 temptaverit,
1867 1012 2342 1078 nichilomimus
2373 1012 2489 1094 illi,
2525 1034 2796 1094 quorum

236 1119 533 1200 interest,
580 1118 945 1201 regularem
992 1119 1399 1203 disciplinam
1446 1139 1745 1184 exercere
1777 1118 2121 1184 debebunt.
2208 1119 2309 1184 De
2355 1123 2590 1201 cetero,
2640 1141 2795 1202 quo-

236 1226 418 1290 niam
465 1247 505 1290 a
564 1226 840 1309 strepitu
896 1232 962 1291 et
1018 1226 1301 1291 tumultu
1367 1226 1754 1290 secularium
1815 1227 2046 1291 remoti
2099 1246 2326 1309 pacem
2391 1232 2456 1291 et
2512 1226 2796 1308 quietem

238 1332 551 1416 diligitis,
618 1332 920 1416 grangias
976 1338 1228 1398 vestras
1285 1338 1351 1397 et
1405 1338 1618 1397 curtes
1677 1333 1845 1397 sicut
1902 1338 1967 1397 et
2012 1333 2182 1397 atria
2229 1333 2648 1397 ecclesiarum
2693 1331 2710 1419 ΙΙ
2757 1354 2797 1396 a

236 1461 588 1524 pravorum
635 1440 900 1504 incursu
947 1445 1013 1503 et
1057 1440 1366 1505 violentia
1410 1438 1621 1504 libera
1666 1439 1804 1506 fore
1853 1440 2176 1504 sancimus
2223 1438 2673 1523 prohibentes,
2724 1444 2797 1503 ut

238 1545 461 1611 nullus
506 1545 601 1610 ibi
644 1545 969 1611 hominem
1017 1568 1250 1630 capere
1265 1597 1280 1628 ,
1339 1546 1647 1630 spoliare,
1705 1546 2048 1611 verberare
2104 1567 2217 1611 seu
2271 1545 2634 1611 interficere
2681 1551 2797 1610 aut

236 1653 485 1717 furtum
531 1658 647 1717 aut
692 1653 992 1737 rapinam
1038 1654 1441 1719 committere
1489 1653 1746 1718 audeat.
1859 1652 1959 1718 Ob
2017 1653 2349 1718 evitandas
2405 1673 2557 1718 vero
2614 1674 2793 1717 secu-

235 1760 479 1825 larium
524 1750 816 1825 virorum'
853 1760 1254 1844 frequentias
1299 1759 1576 1825 liberum
1623 1761 1710 1824 sit
1753 1760 1955 1841 vobis,
2005 1760 2181 1826 salvo
2218 1761 2358 1825 iure
2406 1759 2793 1843 dyocesano-

233 1889 382 1932 rum
413 1867 883 1950 episcoporum,
932 1868 1218 1933 oratoria
1262 1868 1330 1932 in
1375 1868 1662 1951 grangijs
1702 1872 1769 1933 et
1813 1867 2104 1932 curtibus
2149 1868 2382 1933 vestris
2420 1872 2794 1932 construere

234 1979 304 2039 et
357 1975 426 2038 in
456 1974 616 2057 ipsis
664 1973 846 2039 vobis
894 1981 959 2039 et
1003 1974 1246 2039 familie
1284 1980 1493 2039 vestre
1541 1974 1759 2039 divina
1803 1973 2028 2055 offitia,
2076 1996 2223 2039 cum
2267 1995 2532 2039 necesse
2578 1973 2792 2054 fuerit,

237 2080 573 2146 celebrare
620 2086 688 2145 et
731 2082 939 2164 ipsam
983 2081 1318 2162 familiam,
1366 2081 1493 2145 nisi
1540 2081 1742 2163 aliqui
1789 2081 1938 2163 sint,
1988 2082 2099 2164 qui
2145 2081 2213 2145 in
2244 2081 2480 2145 vicinia
2509 2079 2794 2173 habeant

232 2187 504 2272 propria
549 2186 914 2270 domicilia,
981 2187 1065 2252 ad
1124 2187 1592 2254 confessionem
1615 2237 1631 2269 ,
1699 2188 2214 2253 communionem
2270 2192 2336 2252 et
2391 2187 2791 2270 sepulturam

232 2316 384 2359 cum
414 2294 615 2359 vestri
647 2293 890 2360 ordinis
920 2294 1260 2360 honestate
1291 2294 1639 2377 suscipere.
1718 2293 1948 2359 Liceat
1979 2315 2238 2377 quoque
2268 2293 2449 2360 vobis
2480 2314 2790 2377 personas

230 2401 476 2466 liberas
510 2406 632 2466 etc.
667 2422 814 2465 cum
843 2401 1038 2466 rebus
1071 2402 1206 2465 suis
1240 2406 1359 2466 etc.
1394 2422 1599 2484 usque
1632 2402 1930 2466 retinere.
1980 2400 2280 2467 Infirmos
2314 2421 2570 2483 quoque
2603 2400 2790 2466 abso-

236 2507 434 2589 lutos,
470 2508 583 2590 qui
613 2507 682 2571 in
713 2513 1003 2573 extrema
1031 2507 1365 2573 voluntate
1398 2508 1482 2572 ad
1513 2530 1627 2573 vos
1659 2507 1998 2572 transferri
2031 2513 2147 2572 aut
2179 2507 2351 2591 apud
2383 2530 2496 2573 vos
2530 2507 2791 2591 sepeliri

235 2613 758 2695 deliberaverint,
792 2612 1007 2678 nullus
1038 2614 1353 2697 impedire
1386 2636 1502 2680 seu
1547 2636 1652 2679 res
1685 2635 1908 2680 eorum
1938 2614 2263 2697 legitimas
2311 2615 2601 2679 detinere
2645 2635 2789 2697 pre-

232 2726 473 2803 sumat,
507 2720 925 2786 salvatamen
941 2720 1254 2785 heredum
1285 2721 1576 2804 legitima
1606 2723 1910 2805 porcione
1943 2726 2009 2785 et
2039 2721 2351 2787 canonica
2367 2721 2630 2785 iusticia
2646 2719 2789 2785 illa-

230 2850 379 2893 rum
400 2828 838 2909 ecclesiarum,
860 2849 900 2892 a
920 2827 1154 2909 quibus
1174 2833 1574 2894 mortuorum
1594 2850 1866 2912 corpora
1885 2834 2321 2893 assumuntur.
2354 2826 2462 2892 Ad
2480 2827 2789 2893 maiorem

229 2937 431 3000 etiam
476 2935 676 2999 vestri
722 2934 966 2999 ordinis
1003 2935 1431 3000 reverentiam
1480 2941 1546 3000 et
1581 2936 1897 3019 regularis
1935 2934 2274 3019 discipline
2312 2934 2788 3000 observantiam

226 3041 445 3123 vobiS,
484 3041 598 3125 filij
642 3040 943 3123 abbateS,
984 3041 1308 3107 subiectos
1345 3046 1594 3107 vestros
1632 3042 1879 3126 ligandi
1916 3047 1982 3107 et
2018 3041 2305 3107 solvendi
2343 3041 2602 3125 plenam
2640 3063 2788 3107 con-

229 3148 522 3213 cedimus
588 3147 986 3213 facultatem.
1099 3146 1268 3230 Quia
1330 3170 1480 3213 vero
1553 3149 1846 3232 singula,
1913 3170 2039 3231 que
2104 3148 2188 3213 ad
2249 3148 2578 3232 religionis
2642 3170 2787 3233 pro-

229 3256 478 3320 fectum
525 3260 592 3320 et
636 3255 995 3319 animarum
1045 3255 1323 3320 salutem
1370 3254 1720 3321 ordinastis
1737 3305 1753 3337 ,
1808 3256 2096 3339 presenti
2152 3254 2633 3320 abbreviacioni
2677 3276 2788 3320 ne-

228 3363 580 3445 quiverunt
624 3362 904 3443 annecti,
952 3383 1070 3427 nos
1108 3383 1254 3427 cum
1298 3362 1449 3446 hijs,
1499 3383 1626 3445 que
1671 3362 2034 3446 prescripta
2081 3367 2250 3442 sunt,
2291 3360 2786 3427 consuetudines

227 3472 487 3533 vestras
508 3518 524 3551 ,
594 3489 758 3551 quas
813 3468 982 3533 inter
1035 3491 1149 3533 vos
1206 3469 1537 3551 religionis
1592 3469 1836 3532 intuitu
1889 3468 2274 3551 regulariter
2338 3468 2658 3532 statuistis
2725 3474 2790 3533 et

230 3575 537 3659 deinceps
586 3580 850 3640 auctore
898 3575 1156 3640 domino
1204 3575 1523 3657 statuetiS,
1572 3575 1961 3640 auctoritate
2007 3574 2364 3658 apostolica
2408 3573 2789 3640 roboramus

233 3688 304 3747 et
350 3681 532 3747 vobis
577 3683 941 3765 vestrisque
988 3681 1468 3747 successoribus
1518 3688 1583 3746 et
1630 3681 1957 3763 omnibuS,
2007 3682 2119 3764 qui
2165 3680 2457 3747 ordinem
2503 3686 2790 3747 vestrum

230 3788 510 3873 professi
554 3788 816 3870 fuerint,
863 3790 1194 3873 perpetuis
1241 3788 1643 3872 temporibus
1690 3787 2151 3853 inviolabiliter
2195 3787 2633 3853 observandas
2681 3788 2788 3853 de-

232 3895 578 3977 cernimuS,
626 3916 745 3960 nec
792 3896 1006 3978 alique
1060 3896 1278 3978 littere
1324 3895 1610 3960 habeant
1654 3893 2026 3960 firmitatem
2041 3944 2057 3976 ,
2115 3916 2240 3977 que
2284 3896 2485 3961 tacito
2532 3895 2789 3960 nomine

228 4002 856 4068 Premonstratensis
903 4002 1148 4067 ordinis
1197 4007 1422 4069 contra
1475 4002 1815 4067 libertates
1860 4001 2042 4068 vobis
2099 4001 2182 4067 ab
2230 4001 2590 4086 apostolica
2637 4001 2789 4066 sede

229 4108 519 4173 indultas
549 4108 831 4173 fuerint1
861 4109 1259 4193 impetrate.²
1320 4108 1490 4175 Sane
1520 4108 1819 4174 laborum
1854 4114 2217 4174 vestrorum
2248 4107 2328 4173 de
2365 4108 2786 4192 possessioni-

2836 1343 2951 1397 Fol.
2993 1350 3059 1397 29
3071 1350 3109 1396 ⁸.

229 4214 351 4279 bus
388 4214 633 4279 habitis
671 4221 823 4280 ante
861 4216 1205 4281 concilium
1240 4215 1542 4299 generale
1580 4236 1658 4280 ac
1696 4215 1894 4279 etiam
1931 4214 2276 4297 novalium,
2327 4236 2452 4298 que
2503 4214 2785 4298 proprijs
2846 4294 2853 4303 δ

230 4322 533 4388 manibus
572 4328 686 4386 aut
723 4321 1087 4406 sumptibus
1126 4321 1359 4403 colitis,
1409 4321 1488 4386 de
1526 4321 1763 4404 quibus
1802 4322 2137 4387 novalibus
2185 4320 2422 4405 aliquis
2468 4321 2786 4386 hactenus

410 4571 428 4603 ¹
467 4570 677 4624 Hierzu
714 4588 804 4625 am
828 4570 1024 4627 Raude
1061 4572 1119 4624 in
1141 4576 1291 4626 roter
1314 4569 1540 4625 schrift:
1579 4570 1719 4625 Hoc
1755 4575 1856 4625 est
1892 4571 2293 4644 capitulum,
2333 4571 2449 4626 ubi
2485 4570 2784 4628 habetur

231 4661 480 4716 mentio
520 4664 773 4716 contra.
991 4659 1013 4694 ²
1048 4659 1356 4717 Handschr.
1394 4661 1707 4732 impetrare.
