3242 5184
1226 323 1313 328 ψ
1413 284 1533 346 139
1627 322 1716 329 -

459 458 572 524 Ad
617 459 831 525 idem.

358 607 382 686 ΙΙ
422 602 589 667 Item
648 603 883 685 notarij
953 608 1425 668 consueverunt
1486 602 1729 668 habere
1785 608 2033 683 cartaS‚
2110 601 2370 684 quando
2435 601 2748 685 specialia
2802 598 3070 656 F01.71b

200 711 455 815 negotia
501 709 625 774 sibi
672 730 713 773 a
759 710 938 774 curia
985 710 1497 775 committuntur.

459 887 573 952 Ad
617 886 832 952 idem.

369 1030 682 1096 Similiter
746 1031 1093 1114 scriptores
1160 1037 1634 1098 consueverunt
1698 1031 1940 1096 habere
2001 1055 2040 1095 a
2105 1031 2286 1095 curia
2351 1035 2565 1095 cartas
2630 1052 2748 1114 pro

196 1137 492 1203 omnibus
546 1138 810 1220 litteris,
878 1158 1041 1220 quas
1099 1138 1409 1220 scribunt,
1478 1139 1940 1222 cuiuscumque
1997 1137 2383 1202 conditionis
2440 1136 2750 1219 existunt,

195 1267 315 1328 que
367 1250 573 1310 carte·
595 1243 834 1310 debent
878 1245 1004 1309 emi
1053 1244 1132 1310 de
1177 1247 1456 1328 pecunia
1502 1245 1698 1310 bulle.

459 1423 573 1489 Ad
619 1423 832 1487 idem.

370 1566 536 1631 Item
570 1572 1040 1632 consueverunt
1072 1588 1213 1631 esse
1253 1565 1349 1631 VI
1395 1568 1629 1650 notarij
1681 1589 1947 1632 numero
1995 1573 2061 1631 et
2107 1566 2460 1649 aliquando
2503 1572 2749 1649 septem

192 1673 268 1738 de
337 1674 553 1756 gratia
618 1673 904 1757 speciali,
972 1675 1076 1739 cui
1142 1673 1438 1740 dominus
1501 1665 1673 1759 ⁴pape
1738 1674 2021 1738 faciebat
2076 1673 2217 1739 dari
2274 1673 2750 1757 equivalentem

189 1780 554 1863 vivandam‚
603 1781 864 1846 intactis
912 1781 1314 1864 portionibus
1361 1781 1657 1847 aliorum.

458 1959 572 2024 Ad
618 1959 834 2024 idem.

369 2102 536 2168 Item
594 2102 839 2167 habent
883 2109 1272 2186 potestatem
1318 2103 1552 2187 notarij
1612 2108 1762 2186 post
1804 2102 2402 2168 vicecancellarium
2454 2102 2752 2186 capiendi

189 2211 529 2275 falsarium
551 2210 907 2292 quemlibet
940 2210 1307 2275 litterarum
1356 2209 1882 2293 apostolicarum,
1913 2209 2171 2299 illarum
2214 2210 2537 2293 precipue,
2587 2231 2750 2291 quas

187 2319 251 2381 in
280 2318 565 2401 proprijs
592 2318 865 2381 cameris
885 2317 1307 2398 falsaverunt,
1342 2323 1408 2382 et
1437 2322 1699 2400 captum
1731 2316 1812 2380 ad
1847 2316 2120 2381 eundem
2153 2302 2750 2381 vicecancellariuni

188 2423 492 2489 mittendi
532 2423 927 2507 puniendum
947 2429 991 2506 1,
1031 2425 1187 2488 item
1228 2430 1732 2507 procuratorem,
1776 2425 1888 2506 qui
1927 2423 2279 2488 falsitatem
2321 2423 2754 2489 committeret

185 2534 251 2597 in
285 2531 531 2614 signis²
571 2552 974 2596 camerarum
1006 2531 1105 2595 vel
1137 2532 1203 2594 in
1236 2531 1570 2596 audientia
1600 2531 1701 2596 vel
1741 2531 1946 2597 multo
1978 2529 2209 2597 fortius
2240 2531 2306 2594 in
2340 2529 2748 2596 cancellaria.

460 2709 575 2775 Ad
620 2709 835 2773 idem.

371 2853 541 2918 Item
599 2852 857 2934 quando
913 2874 1084 2937 papa
1143 2875 1289 2916 cum
1344 2852 1613 2935 prelatis
1671 2852 1905 2936 recipit
1958 2852 2269 2935 pabulum
2333 2852 2627 2916 caritatis
2684 2851 2752 2914 in

186 2961 295 3026 die
333 2959 506 3026 Iovis
541 2966 767 3025 sancta
796 2959 896 3025 vel
928 2959 1031 3024 die
1065 2959 1516 3039 coronationiS,
1553 2959 1790 3024 debent
1820 2958 2383 3023 vicecancellarius
2418 2964 2483 3022 et
2513 2957 2747 3040 notarij

183 3068 436 3133 habere
477 3067 557 3131 de
603 3068 881 3151 coquina
926 3065 1146 3150 papali
1178 3087 1294 3147 pro
1328 3087 1550 3131 eorum
1580 3065 1768 3131 libito
1800 3065 2169 3131 voluntatis.
2251 3064 2496 3146 Quodsi
2529 3086 2753 3128 mensa

184 3198 321 3241 non
371 3179 685 3256 servatur,
735 3174 974 3239 debent
1016 3172 1258 3238 habere
1305 3171 1580 3256 quilibet
1622 3194 1741 3255 pro
1790 3195 1859 3238 se
1906 3172 2172 3237 ensenia
2217 3170 2688 3237 habundanter.

463 3352 577 3416 Ad
624 3352 838 3417 idem.

372 3495 543 3560 Item
575 3494 770 3561 debet
812 3494 1054 3560 habere
1100 3494 1665 3560 vicecancellarius
1712 3500 2073 3577 regestrum
2119 3493 2295 3577 apud
2342 3515 2430 3577 se,
2478 3494 2751 3577 notarijs

190 3602 496 3668 exclusis,

373 3709 584 3775 Item3
641 3716 858 3793 potest
912 3709 1480 3775 vicecancellarius
1536 3730 1978 3793 quoscumque
2034 3707 2542 3790 abbreviatores‚
2590 3729 2752 3793 quos

190 3818 353 3900 vult,
400 3838 631 3883 vocare
677 3816 763 3882 ad
809 3817 1350 3882 examinationem
1394 3816 1780 3882 litterarum.

464 4013 579 4077 Ad
623 4013 838 4078 idem.

377 4154 782 4222 Cancellaria
813 4156 1008 4222 debet
1043 4156 1284 4222 habere
1332 4158 1507 4221 omni
1552 4156 1676 4239 die,
1726 4180 1857 4240 qua
1904 4155 2142 4220 dantur
2188 4177 2415 4221 carnes
2463 4179 2503 4222 a
2550 4157 2752 4239 curia,

195 4262 434 4330 XVIII
472 4264 683 4346 petias
730 4264 1020 4328 carnium
1053 4264 1119 4327 in
1152 4266 1543 4347 computatis
1574 4265 1932 4349 pictantijs,
1966 4263 2122 4328 item
2153 4261 2498 4329 XXXVIt·
2528 4285 2751 4348 paneS‚

195 4372 354 4435 item
400 4368 564 4436 XVI
607 4371 808 4436 tatias
853 4370 1005 4452 vini,
1055 4370 1135 4435 de
1182 4370 1418 4454 quibus
1467 4370 1661 4435 debet
1707 4370 1863 4436 dare
1910 4369 2316 4436 senescalcus
2362 4371 2751 4437 vicecancel-

376 4568 396 4599 ¹
432 4567 666 4623 Hdschr.
715 4568 996 4636 puniendi.
1180 4567 1201 4599 ²
1237 4567 1470 4620 Hdschr.
1518 4568 1767 4637 singulis,
1950 4568 1971 4599 ³
2006 4568 2124 4623 Das
2170 4568 2198 4621 I
2244 4585 2370 4624 vom
2415 4567 2754 4631 Rubrikator

197 4674 507 4734 vei-gessen.
567 4657 695 4715 Von
730 4657 965 4717 auderet
1000 4639 1295 4719 Hand·a1n
1320 4657 1516 4719 Raude
1553 4657 1874 4719 undeutfioh
1912 4660 2013 4720 mit
2046 4657 2348 4722 §onwan-zer
2384 4657 2564 4723 Time,
