3242 5184
182 1526 300 1580 Fol.
341 1531 409 1580 28
421 1526 462 1580 ὓ.

1558 281 1984 345 .-.52-,κ

495 458 783 524 revocari
842 458 1285 539 nequiverint,
1351 463 1539 542 pater
1592 457 1799 522 abbas
1856 456 2124 522 consilio
2184 456 2576 522 coabbatum
2632 476 2895 521 suorum
2957 454 3069 518 eis

494 565 810 648 ydoneam
842 565 1182 648 provideat
1210 585 1553 648 personam
1584 571 1652 628 et
1682 564 1778 628 illi
1810 585 1955 629 eam
1987 564 2125 628 sine
2173 563 2682 630 contradictione
2728 562 3073 645 recipiant

494 674 561 736 in
608 671 932 752 abbatem,
982 672 1216 754 quam1
1263 673 1316 734 si
1363 673 1650 755 recipere
1699 671 2224 754 contempserint,
2272 671 2599 734 sentencie
2646 669 3068 749 subiaceant,

495 800 690 862 quam
746 784 935 862 pater
989 777 1193 842 abbas
1253 800 1399 842 cum
1455 778 1723 844 consilio
1772 778 2162 843 coabbatum
2210 799 2474 842 suorum
2520 778 2587 839 in
2635 798 2744 841 eos
2792 775 3074 840 duxerit

496 886 883 950 auctoritate
925 884 1168 949 ordinis
1200 885 1756 968 promulgandam.
1806 884 1911 949 Ad
1942 885 2062 950 hec
2094 885 2399 967 quoniam
2419 883 3075 947 Premonstratensis

497 992 769 1058 00010010
798 992 1008 1075 prima
1040 998 1249 1056 mater
1280 999 1378 1056 est
1410 993 1695 1057 omnium
1729 992 2148 1057 ecclesiarum
2181 992 2382 1056 totius
2421 990 2665 1056 ordinis
2698 995 2764 1055 et
2794 995 3069 1073 patrem

498 1121 690 1183 super
737 1120 805 1163 se
853 1098 1054 1162 alium
1100 1121 1227 1164 non
1274 1097 1505 1181 habet,
1567 1100 1737 1163 sicut
1782 1098 1865 1164 ad
1912 1098 2234 1163 cautelam
2282 1103 2348 1162 et
2394 1098 2756 1163 custodiam
2803 1097 3067 1162 ordinis

500 1211 816 1270 statutum
849 1212 967 1287 est,
1015 1227 1132 1289 per
1177 1212 1310 1270 tres
1357 1205 1629 1270 abbates
1676 1206 1919 1288 primos
1967 1204 2487 1286 Laudunensem,
2535 1202 3066 1285 Floreffiensem,

500 1311 1012 1377 Cuissiacensem
1058 1334 1273 1376 annua
1317 1312 1559 1376 ibidem
1606 1313 1893 1377 visitatio
1939 1311 2092 1394 fiat,
2154 1318 2219 1375 et
2266 1313 2320 1375 si
2368 1312 2523 1394 quid
2571 1312 2638 1374 in
2683 1312 2830 1394 ipsa
2861 1310 3067 1375 domo

499 1418 949 1502 corrigendum
1011 1418 1209 1484 fuerit
1225 1468 1241 1500 ,
1308 1418 1555 1501 absque
1613 1419 1846 1483 maiori
1907 1440 2023 1503 per
2087 1439 2197 1484 000
2275 1418 2606 1482 audientia
2665 1418 3063 1499 corrigatur.

502 1524 749 1608 Quodsi
813 1524 1017 1590 abbas
1080 1525 1158 1590 in
1213 1525 1592 1607 corrigendo
1638 1525 1915 1614 terpidus
1972 1531 2038 1590 et
2091 1524 2326 1590 fratres
2382 1526 2599 1609 sepius
2658 1524 2889 1589 moniti
2960 1526 3064 1587 in-

499 1632 900 1714 corrigibiles
946 1632 1442 1716 permanserint,
1491 1632 1574 1696 ad
1620 1632 1921 1714 generale
1969 1631 2326 1715 capitulum
2372 1630 2695 1696 referatur
2741 1636 2826 1712 et,
2883 1631 3069 1695 sicut

499 1738 730 1803 melius
776 1738 985 1802 visum
1043 1737 1275 1819 fuerit,
1344 1739 1650 1803 0011011102
1695 1739 2015 1821 generalis
2063 1738 2332 1821 capituli
2379 1737 2758 1803 emendetur
2803 1743 2871 1801 et
2909 1758 3063 1801 sen-

499 1844 714 1909 tencia
776 1845 843 1908 in
898 1844 1021 1908 hac
1076 1851 1261 1929 parte
1323 1845 1591 1927 capituli
1653 1846 1792 1909 sine
1848 1846 2313 1910 retractatione
2375 1845 2594 1927 aliqua
2651 1843 3063 1909 observetur.

500 1949 812 2033 Quotiens
860 1972 1010 2015 vero
1059 1952 1331 2015 ecclesia
1367 1951 1991 2016 Premonstratensis
2039 1952 2177 2016 sine
2225 1951 2465 2016 abbate
2512 1950 2727 2033 fuerit,
2777 1949 2861 2014 ad
2907 1970 3065 2033 pre-

497 2057 667 2123 fatos
715 2063 848 2121 tres
895 2057 1169 2122 abbates
1217 2059 1354 2122 eius
1402 2079 1558 2122 cura
1602 2059 1905 2142 respitiat
1949 2065 2015 2123 et
2061 2081 2101 2123 a
2146 2060 2472 2123 canonicis
2528 2058 2734 2141 ipsius
2782 2057 3067 2122 ecclesie

499 2185 646 2228 cum
701 2184 921 2228 eorum
971 2164 1240 2230 consilio
1286 2186 1565 2248 persona
1601 2166 1669 2228 in
1715 2165 2025 2230 abbatem
2070 2165 2322 2248 ydonea
2369 2163 2667 2247 eligatur,
2716 2163 2800 2228 ad
2847 2165 3065 2228 consi-

498 2271 656 2334 lium
702 2292 888 2334 suum
939 2276 1220 2352 quatuor
1266 2271 1413 2354 alijs
1460 2272 1813 2337 abbatibus
1861 2272 1944 2337 ad
1992 2271 2264 2337 eandem
2295 2271 2636 2336 ecclesiam
2674 2272 3064 2354 pertinenti-

499 2376 621 2442 bus
686 2378 932 2461 pariter
987 2377 1318 2443 advocatis
1338 2428 1353 2458 ,
1410 2400 1573 2460 quos
1618 2379 1746 2462 ipsi
1803 2379 2096 2444 canonici
2158 2378 2560 2461 providerint
2622 2376 3062 2442 advocandos,

499 2483 730 2550 Liceat
776 2506 1033 2567 quoque
1078 2486 1428 2567 unicuique
1475 2487 1671 2550 matri
1720 2485 1989 2550 ecclesie
2036 2485 2278 2551 ordinis
2325 2485 2525 2549 vestri
2583 2506 2729 2548 cum
2784 2483 3066 2549 consilio

500 2590 759 2656 abbatis
806 2591 1430 2656 Premonstratensis
1479 2592 1558 2656 de
1606 2592 1957 2657 abbatibus
2005 2592 2443 2673 ecclesiarum,
2493 2612 2619 2673 que
2667 2591 2749 2655 ab
2779 2611 2859 2655 ea
2904 2612 3062 2673 pro-

500 2699 774 2763 cessisse
838 2704 1221 2780 noscuntur,
1289 2699 1421 2762 sive
1483 2699 1682 2764 etiam
1747 2699 1826 2764 de
1892 2699 2023 2764 alia
2087 2697 2376 2763 eiusdem
2441 2697 2685 2763 ordinis
2748 2696 3065 2762 inferiore

502 2804 777 2870 ecclesia
825 2806 976 2886 sive,
1027 2826 1494 2888 quemcumque
1548 2806 1825 2869 voluerit
1845 2855 1861 2887 ,
1911 2806 1966 2871 si
2013 2812 2232 2870 tamen
2285 2804 2574 2888 ydoneus
2629 2804 2938 2885 extiterit,
2992 2805 3067 2869 in

502 2910 808 2975 abbatem
841 2932 1189 2977 assumere.
1255 2911 1611 2977 Personam
1644 2917 1863 2976 autem
1895 2912 1974 2977 de
2007 2913 2135 2978 alio
2168 2911 2391 2976 ordine
2421 2911 2602 2976 nulla
2633 2909 3066 2975 ecclesiarum

502 3023 865 3082 vestrarum
912 3018 1039 3082 sibi
1070 3018 1270 3101 eligat
1298 3019 1364 3082 in
1398 3019 1705 3084 abbatem
1735 3040 1854 3083 nec
1883 3020 2084 3084 vestri
2115 3018 2360 3084 ordinis
2394 3019 2614 3100 aliqua
2644 3018 2712 3081 in
2744 3017 3065 3083 abbatem

500 3125 873 3207 monasterij
919 3125 1186 3190 alterius
1220 3124 1483 3207 ordiniS,
1531 3126 1660 3189 nisi
1706 3125 1786 3189 de
1834 3126 2222 3191 auctoritate
2253 3125 2547 3190 Romane
2580 3123 2849 3190 ecclesie
2883 3124 3063 3189 ordi-

498 3236 708 3295 netur.
800 3231 979 3296 Nulli
1044 3232 1240 3297 etiam
1305 3232 1648 3297 canonicos
1713 3231 1814 3296 vel
1870 3253 2210 3298 conversos
2269 3238 2516 3296 vestros
2583 3232 2721 3297 sine
2779 3231 3064 3296 licencia

502 3337 814 3402 abbatum
859 3337 1146 3422 recipere
1192 3344 1307 3403 aut
1352 3344 1687 3422 susceptos
1734 3338 1929 3403 liceat
1973 3339 2269 3404 retinere.
2357 3338 2526 3404 Sane
2572 3337 2734 3402 nulli
2781 3336 3063 3402 ecclesie

501 3445 698 3508 vestri
746 3443 990 3509 ordinis
1036 3445 1231 3509 liceat
1276 3446 1358 3509 ad
1407 3445 1695 3528 aliquam
1740 3444 1935 3510 aliam
1981 3444 2448 3528 professionem
2495 3446 2860 3510 temeritate
2893 3466 3061 3526 qua-

499 3550 663 3614 libet
694 3572 763 3615 se
794 3550 1168 3616 transferre.
1248 3551 1317 3617 Si
1350 3573 1474 3635 que
1505 3573 1657 3617 vero
1690 3552 1960 3616 ecclesie
1992 3553 2447 3618 canonicorum
2494 3552 2761 3615 alterius
2809 3551 3061 3616 ordinis

502 3657 585 3721 ad
633 3657 922 3721 ordinem
967 3664 1253 3722 vestrum
1300 3659 1592 3724 venerint
1612 3708 1629 3740 ,
1679 3658 1762 3722 ad
1810 3658 2169 3735 ecclesiam¹
2204 3659 2404 3723 vestri
2459 3658 2702 3724 ordinis
2767 3657 3063 3723 habeant

503 3764 639 3827 sine
709 3763 1152 3845 refragacione
1215 3770 1614 3848 respectum,
1683 3765 1749 3828 in
1806 3786 1936 3847 qua
1991 3771 2278 3831 vestrum
2340 3769 2696 3831 noscuntur
2759 3764 3058 3829 ordinem

502 3871 952 3954 assumpsisse.
1063 3871 1374 3936 Preterea
1451 3871 1506 3935 si
1581 3870 1790 3934 inter3
1854 3871 2107 3954 aliquas
2173 3871 2479 3936 ecclesias
2544 3871 2745 3935 vestri
2809 3870 3057 3936 ordinis

503 3975 582 4041 de
645 3977 1112 4060 temporalibus
1178 3978 1431 4060 questio
1506 3979 1880 4061 emerserit,
1958 3999 2086 4043 non
2149 3984 2335 4044 extra
2395 3978 2684 4044 ordinem
2749 3976 3055 4042 ecclesia-

502 4084 711 4148 stica⁴
769 4085 925 4149 aut⁵
981 4084 1289 4148 secularis
1341 4083 1682 4148 audiencia
1730 4086 2139 4167 requiratur,
2207 4084 2321 4149 sed
2370 4085 2695 4150 mediante
2744 4084 3055 4150 Premon-

502 4191 811 4256 stratensi
876 4190 1115 4256 abbate
1181 4197 1246 4255 et
1309 4192 1540 4255 ceteris
1563 4241 1579 4273 ,
1647 4213 1809 4274 quos
1874 4192 2202 4258 vocaverit
2221 4241 2237 4273 ,
2302 4198 2417 4256 aut
2481 4191 2820 4256 caritative
2886 4192 3057 4256 inter

682 4458 699 4490 ¹
736 4457 1045 4513 Handschr.
1084 4459 1233 4528 quia.
1371 4458 1393 4490 ²
1428 4476 1454 4513 0
1489 4476 1601 4515 von
1638 4459 1872 4514 anderer
1907 4458 2077 4513 Hand
2113 4477 2213 4514 aus
2249 4477 2294 4513 c.
2440 4459 2463 4491 ⁸
2498 4460 2547 4514 si
2580 4459 2727 4514 inter
2760 4476 2875 4515 von
2912 4459 3050 4514 ders.

500 4547 668 4602 Hand
705 4565 805 4602 0110
841 4554 986 4602 sunt.
1202 4546 1225 4577 ⁴
1261 4547 1386 4602 Von
1423 4548 1563 4601 ders.
1601 4547 1771 4602 Hand
1810 4565 1910 4601 aus
1947 4548 2191 4604 00010010.
2397 4550 2419 4580 ⁶
2454 4549 2580 4604 Von
2615 4547 2848 4602 anderer
2885 4548 3051 4602 Hand

501 4635 672 4690 durch
710 4641 1077 4706 vorgesetztes
1114 4653 1148 4689 a
1184 4653 1283 4690 0110
1320 4642 1396 4690 ut.
