3242 5184
1240 265 1489 325 ὓ-61
1577 302 1666 308 ..η

191 440 277 503 eis
290 438 330 519 1,
369 459 495 520 que
526 437 708 502 vobis
742 439 1190 519 successerint,
1223 444 1447 504 nostro
1480 438 1567 524 [5³]
1600 438 1858 503 illibata
1886 444 2332 521 permaneant.
2383 440 2463 505 In
2495 441 2730 523 quibus

185 545 283 609 hic
333 545 613 629 proprijs
672 544 970 608 duximus
1025 545 1358 610 vocabulis
1414 544 1860 627 exprimenda:
1919 544 2166 610 Locum
2212 547 2443 630 ipsum,
2491 549 2558 611 in
2605 568 2732 629 quo

183 650 499 734 prefatum
563 652 1027 716 monasterium
1092 653 1285 717 situm
1353 657 1479 733 est,
1546 674 1694 716 cum
1757 652 2054 717 omnibus
2117 654 2528 737 pertinentijs
2576 654 2730 735 suiS,

182 758 399 840 viginti
430 756 748 823 modiolos
781 764 953 823 terre
986 757 1195 823 eidem
1224 759 1619 823 monasterio
1653 758 2067 823 adiacentes²
2121 765 2187 824 et
2217 760 2442 843 viginti
2488 759 2731 826 modio-

182 865 275 929 los
321 864 499 929 silve.
594 863 823 929 Liceat
855 886 1109 948 quoque
1142 864 1323 930 vobis
1355 886 1668 948 personas
1699 864 1942 933 liberas
1976 871 2042 931 et
2072 866 2474 943 absolutase
2513 866 2766 932 seculo*

183 971 495 1054 fugientes
561 972 646 1036 ad
712 972 1194 1038 conversionem
1256 973 1545 1056 recipere
1610 994 1689 1037 ac
1743 993 1853 1037 eas
1909 972 2157 1055 absque
2221 973 2733 1040 contradictione

182 1078 395 1161 aliqua
457 1079 758 1143 retinere.
856 1078 1285 1145 Prohibemus
1339 1079 1623 1162 insuper,
1680 1084 1755 1143 ut
1807 1078 1968 1142 nulli
2022 1101 2317 1146 sororum
2371 1086 2733 1146 vestrarum

180 1191 323 1267 post
383 1185 629 1251 factam
692 1186 760 1249 in
823 1187 1215 1251 monasterio
1280 1192 1493 1251 vestro
1548 1184 2019 1269 professionem
2073 1185 2172 1251 fas
2230 1188 2317 1252 sit
2371 1187 2450 1252 de
2508 1187 2732 1253 eodem
2804 1188 2807 1191 ’

176 1291 312 1357 loco
359 1292 725 1374 discedere,
776 1292 1213 1358 discedentem
1258 1314 1409 1357 vero
1455 1293 1672 1358 nullus
1720 1292 1961 1358 audeat
2014 1294 2314 1359 retinere.
2408 1293 2536 1359 Pro
2584 1316 2730 1359 con-

180 1398 646 1464 secrationibus
693 1420 844 1465 vero
893 1399 1202 1463 altarium
1247 1400 1348 1465 vel
1394 1400 1666 1466 ecclesie
1712 1405 1925 1468 vestre
1973 1401 2106 1466 sive
2151 1422 2271 1484 pro
2319 1401 2458 1466 oleo
2507 1407 2731 1465 sancto

178 1505 272 1569 vel
335 1506 632 1590 quolibet
694 1506 1131 1572 ecclesiastico
1196 1512 1601 1571 sacramento
1666 1506 1882 1571 nullus
1948 1528 1988 1571 a
2041 1506 2223 1572 vobis
2281 1506 2401 1571 sub
2462 1508 2731 1572 obtentu

179 1613 659 1678 consuetudinis
713 1612 816 1677 vel
876 1613 1005 1678 alio
1064 1612 1256 1679 modo
1323 1614 1665 1696 quitquam
1712 1612 1954 1678 audeat
1999 1618 2403 1695 extorquere,
2453 1614 2567 1679 sed
2612 1613 2732 1679 hec

179 1720 387 1785 omnia
433 1720 640 1802 gratis
686 1719 869 1784 vobis
909 1720 1248 1803 episcopus
1297 1719 1696 1803 dyocesanus
1742 1718 2096 1803 impendat.
2188 1718 2500 1803 Alioquin
2535 1720 2732 1786 liceat

177 1825 350 1890 vobis
406 1825 529 1890 hec
584 1831 808 1891 nostra
862 1827 1250 1892 auctoritate
1305 1827 1592 1910 recipere
1652 1849 1692 1891 a
1747 1847 2154 1909 quocumque
2209 1827 2569 1892 malueritis
2627 1849 2730 1891 ca-

178 1931 409 1997 tholico
450 1933 742 1997 antistite
782 1933 1067 2015 graciam
1100 1939 1166 1997 et
1196 1935 1709 1999 communionem
1756 1933 1928 1998 sedis
1976 1933 2329 2017 apostolice
2376 1933 2727 1999 obtinente.

180 2036 420 2119 Quodsi
483 2039 667 2103 sedes
724 2039 1068 2122 dyocesani
1124 2040 1408 2124 episcopi
1456 2046 1576 2105 etc.
1635 2062 1841 2123 usque
1896 2045 2259 2123 generetur.
2354 2039 2524 2122 Quia
2578 2061 2729 2106 vero

177 2144 500 2210 interdum
551 2144 895 2229 dyocesani
943 2147 1230 2230 episcopi
1268 2149 1521 2230 copiam
1552 2170 1683 2211 non
1714 2146 1989 2228 habetiS,
2038 2147 2093 2210 si
2125 2167 2317 2228 quem
2357 2148 2730 2230 episcopum

177 2249 466 2316 Romane
517 2251 710 2334 sediS,
759 2257 832 2315 ut
879 2252 1176 2335 diximUS,
1233 2255 1518 2336 graciam
1566 2259 1634 2317 et
1679 2254 2193 2318 communionem
2239 2252 2605 2334 habentem,
2664 2259 2731 2318 et

181 2357 255 2422 de
318 2380 448 2441 quo
514 2358 773 2443 plenam
818 2359 1129 2424 noticiam
1174 2359 1494 2442 habeatiS,
1560 2382 1677 2443 per
1730 2381 1842 2424 vos
1896 2360 2177 2423 transire
2225 2360 2594 2443 contigerit,
2644 2361 2727 2425 ab

180 2485 249 2528 eo
300 2465 785 2530 benedictiones
841 2465 1239 2549 monialium,
1294 2488 1596 2532 vasorum
1644 2472 1710 2531 et
1752 2467 2028 2530 vestium
2094 2471 2159 2531 et
2212 2468 2728 2533 consecrationes

180 2571 479 2637 altarium
515 2572 533 2661 Η
568 2572 856 2655 recipere
902 2572 1194 2637 valeatiS.
1288 2572 1448 2638 Cum
1496 2578 1716 2638 autem
1760 2573 2060 2656 generale
2090 2573 2509 2638 interdictum
2554 2580 2729 2639 terre
2764 2589 2884 2644 Fol.
2925 2597 2990 2645 33
3003 2592 3043 2646 b.

179 2675 386 2760 fuerit,
443 2679 644 2742 liceat
687 2677 869 2744 vobis
917 2679 1155 2744 clausis
1203 2680 1436 2762 ianuiS,
1485 2680 2056 2746 excommunicatis
2105 2684 2170 2744 et
2213 2680 2574 2746 interdictis
2620 2702 2726 2746 ex-

178 2783 385 2867 clusis,
452 2807 582 2849 non
644 2785 920 2868 pulsatis
985 2788 1317 2869 campanis
1384 2786 1602 2851 divina
1667 2786 1880 2853 officia
1944 2787 2303 2869 celebrare,
2380 2786 2725 2852 dummodo

179 2911 435 2957 causam
500 2914 631 2957 non
696 2892 1005 2957 dederitis
1072 2892 1435 2958 interdicto,
1531 2892 1829 2959 Obeunte
1885 2915 2036 2960 vero
2083 2899 2169 2974 te,
2219 2916 2388 2958 nunc
2437 2894 2724 2959 eiusdem

178 2996 293 3061 loci
313 2998 673 3081 abbatissa,
704 2999 805 3063 vel
840 3019 1064 3063 earum
1085 2999 1327 3081 aliqua,
1352 3021 1477 3082 que
1508 3000 1632 3064 tibi
1670 3001 2073 3082 successerit,
2107 2999 2286 3064 nulla
2318 3000 2410 3065 ibi
2432 3001 2727 3083 qualibet

178 3105 597 3190 surreptionis
661 3107 905 3171 astutia
969 3126 1083 3170 seu
1145 3105 1453 3170 violentia
1512 3112 1928 3189 preponatur,
1989 3107 2115 3170 nisi
2180 3129 2376 3189 quam
2432 3129 2726 3173 sororum

178 3213 609 3277 communium
655 3233 972 3277 consensu
1016 3211 1117 3275 vel
1165 3233 1385 3275 earum
1431 3212 1640 3277 maior
1682 3234 1836 3295 pars
1879 3213 2126 3296 consilij
2179 3214 2451 3278 sanioris
2500 3235 2724 3278 secun-

180 3314 324 3381 dum
389 3318 584 3383 deum
645 3324 712 3383 et
773 3318 1132 3403 predictam
1196 3318 1486 3401 regulam
1550 3319 1949 3403 previderint
2006 3308 2369 3403 eligendam
2383 3320 2426 3384 3.
2518 3321 2724 3386 Porro

180 3422 230 3484 si
260 3426 545 3508 episcopi
575 3425 676 3489 vel
709 3425 817 3509 alij
871 3425 1290 3490 ecclesiarum
1337 3430 1620 3490 rectores
1667 3427 1734 3490 in
1780 3427 2245 3491 monasterium
2292 3433 2578 3491 vestrum
2623 3428 2725 3491 vel

180 3549 478 3611 personas
510 3532 842 3615 regulares
878 3531 1040 3596 inibi
1072 3532 1329 3598 domino
1360 3532 1750 3597 famulantes
1782 3532 2244 3615 suspensionis,
2294 3535 2723 3598 excommuni-

181 3637 442 3702 cationis
496 3638 599 3702 vel
651 3637 981 3703 interdicti
1036 3639 1425 3703 sententiam
1478 3639 2056 3722 promulgaverint,
2123 3640 2333 3722 ipsam
2389 3644 2723 3723 tamquam

182 3749 393 3808 contra
458 3743 629 3809 sedis
695 3745 1049 3830 apostolice
1112 3744 1366 3809 indulta
1438 3746 1762 3829 prolatam
1835 3746 2238 3810 decernimus
2293 3768 2421 3811 non
2478 3740 2719 3811 tenere.

180 3844 328 3913 Paci
383 3872 641 3933 quoque
698 3857 764 3916 et
816 3851 1277 3935 tranquillitati
1331 3858 1544 3916 vestre
1599 3859 1875 3937 paterna
1928 3853 1995 3915 in
2049 3857 2382 3935 posterum
2439 3853 2721 3918 solicitu-

183 3951 319 4020 dine
372 3957 710 4041 providere
765 3958 1053 4023 volentes
1110 3959 1500 4023 auctoritate
1547 3960 1906 4042 apostolica
1950 3957 2384 4043 prohibemus,
2432 3964 2506 4023 ut
2552 3959 2722 4023 infra

185 4059 503 4128 clausuras
562 4064 851 4130 locorum
913 4070 1274 4130 vestrorum
1345 4064 1559 4130 nullus
1623 4066 1924 4148 rapinam
2000 4086 2114 4130 seu
2177 4065 2421 4129 furtum
2484 4065 2720 4148 facere,

181 4164 381 4246 ignem
445 4192 790 4255 apponere,
858 4173 1237 4255 sanguinem
1301 4170 1588 4254 fundere,
1655 4171 1980 4237 hominem
2042 4177 2286 4236 temere
2343 4192 2575 4255 capere
2620 4172 2722 4237 vel

348 4349 366 4381 ¹
403 4355 462 4405 et
496 4351 574 4405 eis
608 4351 687 4404 im
724 4350 865 4405 Text
900 4350 1226 4406 wiederholt
1261 4350 1375 4403 und
1413 4348 1567 4405 nicht
1601 4349 1816 4420 getilgt.
2036 4350 2058 4381 ²
2092 4351 2166 4404 Es
2202 4351 2365 4405 stand
2402 4351 2721 4405 adiacentos

188 4432 278 4504 (123
310 4454 341 4492 o
376 4439 549 4493 durch
584 4439 1095 4511 Unterpunktieren
1129 4439 1343 4510 getilgt,
1383 4456 1414 4493 e
1451 4439 1691 4494 dariiber
1724 4438 2098 4509 geschrieben.
2261 4439 2284 4470 ⁸
2320 4439 2479 4495 Nach
2516 4439 2719 4510 eligen—

188 4520 302 4577 dam
336 4529 426 4581 ein
460 4532 605 4582 rotes
642 4527 892 4583 Zeichen.
965 4528 1235 4583 Dasselbe
1271 4529 1345 4581 ist
1380 4545 1469 4582 am
1507 4528 1703 4581 Randc
1742 4527 2078 4583 wiederholt.
2169 4528 2439 4582 Daneben
2477 4527 2624 4583 steht
2661 4529 2718 4581 in

187 4617 319 4667 rotet
350 4615 578 4671 schrift:
616 4617 821 4673 Porro
858 4619 992 4672 nisi
1030 4617 1377 4687 exemptis
