3242 5184
1214 294 1640 355 -]5.,.

158 476 225 532 et
268 470 399 532 sine
455 469 596 551 ipso
643 467 887 532 factum
934 476 1034 533 est
1078 469 1305 550 nichil,
1354 468 1528 551 quod
1573 468 1819 533 factum
1866 473 1983 533 est.
2076 468 2156 532 In
2201 470 2341 552 ipso
2388 471 2523 534 vita
2570 479 2711 535 erat

160 581 225 639 et
267 576 398 638 vita
442 580 586 638 erat
628 575 741 638 lux
786 575 1137 640 hominum.
1231 575 1321 639 Et
1363 575 1477 639 lux
1521 575 1589 638 in
1620 574 1919 639 'tenebris
1967 574 2141 640 lucet
2172 581 2238 639 et
2267 576 2533 641 tenebre
2565 597 2709 643 eam

159 703 283 746 non
342 682 983 764 comprehenderunt.
1096 680 1254 745 Fuit
1307 681 1499 747 homo
1556 682 1794 746 missus
1842 703 1882 745 a
1929 681 2077 764 dec,
2139 682 2245 747 cui
2288 703 2523 747 nomen
2568 689 2712 748 erat

160 787 496 853 Iohannes,
562 788 716 853 -Hic
761 790 939 853 venit
982 789 1050 852 in
1096 789 1558 870 testimonium,
1606 795 1683 853 ut
1726 790 2169 853 testimonium
2214 789 2586 872 perhiberet
2632 790 2711 854 de

161 894 425 977 lumine,
488 901 562 959 ut
607 918 829 961 omnes
878 895 1217 977 crederent
1260 917 1377 980 per
1423 895 1626 977 illum.
1738 895 1883 960 Non
1929 901 2073 960 erat
2116 895 2225 960 ille
2272 896 2414 978 lux,
2482 896 2593 961 sed
2640 902 2714 961 ut

162 1003 596 1067 testimonium
650 1003 1024 1086 perhiberet
1077 1002 1156 1067 de
1210 1003 1473 1067 lumine.
1584 1002 1752 1067 Erat
1802 1001 1917 1066 lux
1973 1023 2155 1084 vera,
2219 1024 2344 1085 que
2390 1003 2715 1069 illuminat

166 1129 409 1173 omnem
467 1108 793 1174 hominem
840 1111 1201 1174 venientem
1246 1111 1316 1174 in
1360 1109 1531 1173 hunc
1576 1108 1909 1174 mundum.
2012 1109 2092 1174 In
2146 1111 2385 1176 mundo
2441 1117 2583 1177 erat
2650 1117 2715 1175 et

164 1215 435 1280 mundus
466 1237 585 1299 per
615 1219 762 1281 eum
793 1215 1005 1280 factus
1038 1222 1138 1281 est
1177 1223 1244 1281 et
1281 1216 1560 1280 mundus
1592 1237 1740 1282 eum
1769 1238 1899 1283 non
1938 1218 2254 1298 cognovit.
2341 1216 2420 1280 In
2451 1217 2715 1302 propria

163 1323 332 1386 venit
377 1328 445 1387 et
490 1323 592 1387 sui
638 1344 785 1387 eum
831 1344 961 1388 non
1007 1327 1407 1406 receperunt.
1502 1320 1839 1405 Quotquot
1878 1329 2095 1387 autem
2127 1330 2514 1406 receperunt
2545 1345 2712 1406 611111,

161 1428 336 1493 dedit
380 1430 476 1495 eis
521 1435 913 1516 potestatem
958 1428 1127 1497 filios
1177 1429 1279 1496 dei
1310 1428 1471 1511 fieri,
1510 1429 1658 1512 hijs,
1708 1431 1819 1512 qui
1864 1429 2137 1494 credunt
2165 1431 2233 1493 in
2264 1431 2522 1496 nomine
2555 1433 2713 1513 eius,

156 1536 272 1617 vqui
315 1558 443 1600 non
487 1557 566 1600 ex
607 1536 1031 1619 sanguinibus
1060 1557 1271 1619 neque
1303 1558 1381 1601 ex
1412 1536 1745 1601 voluntate
1786 1538 1997 1601 carnis
2030 1557 2239 1619 neque
2273 1558 2352 1600 ex
2383 1536 2715 1602 voluntate

162 1642 279 1705 viri
324 1642 443 1707 sed
489 1663 567 1707 ex
616 1643 735 1708 deo
782 1643 921 1707 nati
968 1649 1137 1707 sunt.
1231 1643 1322 1707 Et
1365 1643 1634 1708 verbum
1681 1663 1832 1708 caro
1880 1642 2123 1707 factum
2168 1649 2270 1708 est
2301 1649 2368 1708 et
2396 1643 2717 1708 habitavit

162 1748 226 1812 in
279 1748 468 1813 nobis
524 1755 590 1813 et
646 1749 924 1814 vidimus
979 1750 1253 1832 gloriam
1300 1751 1459 1831 eius,
1507 1749 1781 1832 gloriam
1828 1751 2017 1832 quasi
2062 1751 2377 1833 unigeniti
2424 1772 2465 1815 a
2509 1755 2715 1833 patre,

164 1854 423 1937 plenum
468 1857 686 1939 gracie
732 1862 799 1920 et
842 1857 1155 1921 veritatis.

431 2087 858 2153 Secundum
904 2087 1209 2154 Lucam.

338 2229 420 2294 In
465 2230 576 2295 illo
623 2235 913 2314 tempore
960 2236 1307 2313 postquam
1355 2230 1718 2294 consumati
1765 2235 1915 2319 sunt
1963 2230 2100 2294 dies
2132 2236 2296 2313 0610,
2346 2236 2419 2295 111
2450 2232 2718 2295 611611111-

170 2336 487 2401 cideretur
531 2358 712 2420 puer,
760 2343 1058 2401 vocatum
1106 2343 1206 2401 est
1248 2358 1483 2402 nomen
1530 2338 1669 2401 eius
1716 2335 1920 2418 Ι63113,
1972 2336 2143 2419 quod
2175 2344 2474 2402 vocatum
2508 2343 2606 2402 est
2636 2338 2720 2402 ab

170 2444 411 2527 angelo,
461 2424 839 2527 priusquam
884 2445 952 2507 in
997 2449 1183 2509 utero
1231 2444 1698 2527 conciperetur.

433 2675 701 2740 Lectio
750 2676 1008 2739 sancti
1055 2675 1444 2758 evangelij
1499 2675 1915 2738 secundum
1960 2674 2377 2744 Matheum.

341 2817 504 2883 Cum
569 2823 761 2882 natus
817 2824 989 2882 esset
1042 2817 1227 2882 Iesus
1281 2818 1349 2881 in
1392 2816 1771 2881 Beethleem
1825 2817 1985 2881 Iude
2045 2819 2111 2881 in
2172 2818 2398 2883 diebus
2445 2819 2722 2884 Herodis

173 2925 355 3005 regiS,
406 2945 555 2988 ecce
586 2925 760 3006 magi
793 2924 875 2988 ab
909 2925 1154 2989 oriente
1186 2930 1500 2989 venerunt
1528 2922 1978 2989 Ierosolimam
2011 2923 2331 2990 dicentes:
2383 2925 2557 3008 „Ubi
2604 2932 2721 3007 est,

175 3029 282 3110 qui
326 3036 521 3094 natus
568 3037 668 3095 est
703 3051 819 3094 rex
850 3029 1242 3100 Iudeorum?
1317 3030 1615 3095 Vidimus
1665 3031 1835 3095 enim
1883 3030 2138 3097 stellam
2186 3033 2323 3096 eius
2370 3033 2437 3096 in
2478 3033 2724 3097 oriente

172 3140 236 3198 et
285 3139 576 3202 venimus
624 3138 896 3203 adorare
953 3144 1165 3201 eum“.
1276 3138 1567 3202 Audiens
1629 3144 1848 3201 autem
1901 3138 2196 3204 Herodes
2251 3161 2367 3204 rex
2421 3139 2724 3203 turbatus

173 3247 268 3306 631
321 3250 386 3308 61
444 3245 650 3309 01111113
698 3244 1077 3309 Ierosolima
1132 3267 1278 3309 cum
1333 3245 1466 3310 illo.
1555 3249 1644 3309 Et
1691 3265 2087 3328 congregans
2136 3266 2356 3311 omnes
2402 3247 2725 3330 principes

173 3350 576 3417 sacerdotum
642 3357 707 3415 et
771 3351 1017 3415 scribas
1080 3352 1304 3434 populi
1368 3351 1855 3431 sciscitabatur,
1924 3351 2006 3415 ab
2074 3353 2194 3434 613,
2262 3353 2376 3417 ubi
2430 3350 2724 3417 Christus

172 3463 563 3521 nasceretur.
669 3458 760 3522 At
834 3458 930 3522 illi
987 3457 1292 3522 dixerunt
1354 3458 1440 3523 ei:
1511 3457 1634 3539 „In
1697 3457 2027 3523 Beetleem
2091 3457 2271 3524 Iude.
2384 3459 2492 3524 Sic
2556 3461 2726 3523 enim

176 3561 480 3644 scriptum
527 3570 627 3628 est
670 3585 787 3646 per
822 3563 1231 3647 prophetam:
1281 3565 1372 3629 Et
1399 3571 1474 3629 tu
1501 3564 1879 3630 Beethleem
1909 3571 2087 3630 terra
2117 3564 2285 3630 Iuda
2314 3586 2728 3648 nequaquam

175 3667 434 3734 minima
489 3691 557 3734 es
617 3671 686 3734 in
739 3671 1138 3754 principibus
1185 3671 1370 3736 Iuda.
1482 3670 1584 3735 Ex
1640 3677 1706 3735 te
1754 3672 1922 3736 enim
1971 3673 2143 3736 exiet
2189 3672 2337 3754 dux,
2386 3673 2499 3755 qui
2544 3679 2730 3755 regat

177 3776 476 3856 populum
507 3798 724 3842 meum
755 3777 1027 3842 Israel“.
1106 3778 1289 3843 Tunc
1319 3778 1616 3844 Herodes
1652 3779 1819 3842 clam
1865 3778 2112 3843 vocatis
2145 3781 2351 3861 magis
2386 3778 2730 3861 diligenter

181 3876 399 3946 didicit
453 3881 537 3947 ab
598 3885 691 3949 eis
738 3889 993 3966 tempus
1040 3885 1245 3967 stelle,
1294 3907 1419 3968 que
1466 3885 1773 3969 apparuit
1805 3884 1933 3949 eis.
1972 3885 1992 3971 ΙΙ
2025 3884 2117 3949 Ε1
2161 3886 2423 3950 1111116113
2470 3885 2616 3950 1Πο3
2662 3886 2730 3948 111
2765 3892 2884 3946 Fol.
2925 3893 3008 3947 sb.

180 3980 541 4052 Beethleem
603 3989 795 4055 dixit:
857 3989 1000 4073 „Ite
1059 3998 1126 4055 61
1181 3993 1575 4074 interrogate
1633 3992 1978 4075 diligenter
2033 3991 2112 4055 de
2173 4013 2371 4075 puero
2389 4042 2405 4074 ,
2473 3997 2538 4056 et
2584 4014 2729 4056 cum

181 4089 560 4180 inveneritis,
607 4098 987 4162 renunciate
1032 4098 1249 4181 michi,
1306 4104 1379 4163 ut
1425 4105 1491 4163 et
1537 4119 1654 4181 ego
1701 4098 1963 4162 veniens
2010 4098 2273 4163 adorem
2312 4106 2524 4164 eum“.
2601 4096 2729 4179 Qui

184 4215 317 4263 cum
369 4201 706 4268 audissent
758 4225 1006 4287 regem,
1065 4206 1385 4270 abierunt.
1479 4205 1569 4270 Et
1615 4226 1764 4269 ecce
1812 4204 2020 4286 stella,
2070 4226 2267 4287 quam
2313 4205 2616 4270 viderunt
2660 4205 2727 4267 in

185 4304 436 4392 oriente,
483 4311 912 4376 antecedebat
956 4332 1086 4394 603,
1135 4334 1341 4395 usque
1390 4312 1542 4377 dum
1587 4311 1851 4376 veniens
1898 4317 2105 4376 staret
2151 4334 2368 4394 supra,
2427 4311 2540 4376 ubi
2587 4317 2728 4375 erat

185 4428 348 4488 puer.
445 4415 758 4482 Videntes
829 4424 1048 4484 autem
1113 4418 1369 4484 stellam
1433 4418 1640 4502 gavisi
1705 4423 1860 4482 sunt
1922 4417 2159 4501 gaudio
2220 4439 2453 4500 magno
2514 4417 2721 4481 valde.

185 4516 264 4579 Et
314 4520 629 4589 intrantes
689 4524 951 4590 domum
1007 4527 1395 4590 invenerunt
1451 4547 1724 4608 puerum
1781 4546 1926 4589 cum
1973 4524 2221 4607 Maria,
2287 4530 2496 4588 matre
2563 4525 2722 4603 61113,

189 4628 248 4684 et
302 4631 701 4708 procidentes
768 4632 1202 4696 adoraverunt
1266 4652 1432 4696 eum.
1540 4633 1631 4697 Et
1704 4632 1945 4714 apertis
2017 4631 2340 4695 thesauris
2408 4632 2542 4694 suis
2615 4631 2726 4696 ob-
