3242 5184
156 3574 273 3628 Ful.
299 3579 416 3627 85³.

1532 295 2018 355 -164-

499 477 848 554 antequam
885 478 1246 554 regestrum
1280 471 1558 535 auditori
1591 470 1939 535 exhibeant
1970 476 2035 534 et
2066 471 2283 553 copias
2316 471 2382 533 in
2415 468 2738 553 publicam
2774 469 3044 534 formam

496 598 609 642 seu
663 579 730 642 in
787 579 1141 662 simplicem
1199 579 1585 661 scripturam
1642 577 1939 642 redactas
1995 598 2139 641 cum
2206 576 2430 641 eodem
2491 582 2799 659 regestro,
2863 582 3043 641 ante·

495 706 690 768 quam
745 684 1043 769 partibus
1100 684 1392 767 tradant,
1454 684 1797 767 diligenter
1852 685 2221 749 auscultent
2275 689 2340 749 et
2397 684 2558 747 alias
2624 684 2716 748 sic
2761 683 3046 767 perfecte

496 793 756 858 videant
802 799 868 858 et
912 794 1239 876 corrigant
1285 791 1645 874 diligenter,
1695 790 1868 874 quod
1913 812 2030 873 per
2075 812 2297 856 eorum
2344 791 2679 872 incuriam,
2718 790 3045 873 negligen-

494 901 654 981 tiam
684 899 787 965 vel
820 899 981 964 alias
1015 898 1214 963 nichil
1262 900 1340 964 de
1388 897 1927 964 substantialibus
1976 899 2382 963 ommittatur
2427 919 2541 973 seu
2589 897 2898 962 damnum
2933 899 3045 961 ali-

493 1007 667 1088 quod
712 1008 1003 1089 patiatur
1047 1007 1268 1089 aliqua
1322 1008 1607 1090 partium
1664 1006 2057 1086 earumdem,
2115 1027 2234 1070 nec
2289 1007 2355 1069 in
2412 1005 2696 1070 favorem
2752 1005 2856 1069 vel
2902 1027 3045 1088 pre-

491 1112 792 1179 iuditium
826 1114 1015 1177 unius
1046 1115 1328 1197 partium
1375 1115 1694 1196 premissa
1737 1113 2060 1196 complere
2107 1110 2409 1176 differant
2452 1110 2555 1176 vel
2599 1114 3045 1195 postponant.1

668 1219 837 1285 Item
912 1220 1085 1303 quod
1158 1220 1448 1285 iamdicti
1524 1221 1757 1303 notarij
1835 1241 2057 1286 omnes
2135 1224 2321 1283 actus
2398 1218 2770 1283 iudiciarios
2851 1203 3044 1300 clare,

491 1328 796 1392 distincte
861 1349 937 1392 ac
993 1326 1511 1392 substantialiter
1564 1328 1631 1390 in
1686 1326 1974 1391 manuali
2030 1347 2146 1390 seu
2201 1327 2559 1390 memoriali
2614 1327 2681 1389 in
2728 1326 3044 1391 auditoris

491 1453 707 1515 cause,
756 1434 822 1497 in
855 1454 986 1516 qua
1018 1434 1311 1498 scribunt
1323 1434 1367 1516 2,
1400 1434 1732 1517 presentia
1763 1455 1839 1498 ac
1870 1435 2174 1517 partium,
2225 1435 2279 1497 si
2312 1438 2653 1515 expectare
2698 1433 3041 1514 voluerint,

490 1540 897 1605 conscribere
944 1562 1072 1605 non
1118 1547 1532 1624 postponant,
1581 1547 1647 1606 et
1690 1546 2037 1623 postquam
2084 1540 2228 1606 illos
2277 1540 2796 1622 conscripserint,
2828 1541 2901 1603 in
2948 1560 3042 1603 re-

488 1652 775 1728 gestrum
807 1646 1085 1712 fideliter
1116 1647 1415 1729 redigant
1446 1648 1546 1712 vel
1579 1647 1786 1729 redigi
1825 1646 2060 1712 fatiant
2105 1652 2171 1711 et
2216 1647 2513 1729 requisiti
2558 1646 2641 1710 ab
2686 1647 2849 1730 ipsis
2899 1668 3042 1730 par-

487 1752 662 1817 tibus
707 1752 808 1817 vel
857 1774 1079 1818 earum
1126 1755 1349 1836 aliqua
1393 1757 1461 1818 in
1508 1754 1779 1837 singulis
1826 1755 2119 1819 terminis
2168 1754 2529 1818 successive
2573 1753 2876 1835 partibus
2926 1756 3041 1819 eis·

488 1860 632 1924 dem
666 1860 940 1943 copiam,
963 1883 1109 1926 cum
1140 1884 1257 1944 per
1288 1861 1531 1926 dictum
1564 1862 1926 1926 auditorem
1960 1862 2220 1926 decreta
2249 1860 2465 1942 fuerit,
2487 1862 2623 1924 sine
2657 1859 3042 1925 difficultate

487 1973 554 2032 et
621 1966 850 2032 fraude
923 1990 1330 2051 quacumque
1395 1968 1655 2033 faciant.
1781 1968 1971 2033 Salvo
2047 1990 2162 2032 suo
2231 1969 2401 2032 iusto
2469 1968 2703 2033 salario
2768 1969 3038 2033 inferius

485 2074 835 2140 moderato.

661 2181 829 2247 Item
878 2182 1048 2264 quod
1088 2183 1284 2266 ijdem
1317 2183 1550 2266 notarij
1586 2184 1655 2246 in
1688 2188 1977 2265 regestro
2008 2183 2181 2246 illius
2216 2203 2431 2263 cause,
2463 2183 2529 2245 in
2562 2202 2692 2263 qua
2724 2182 3037 2265 scribunt,

486 2295 559 2353 ut
602 2289 988 2372 predicitur,
1050 2311 1273 2355 omnes
1321 2290 1679 2354 sententias
1720 2288 2093 2354 diffinitivas
2142 2295 2208 2353 et
2252 2289 2771 2354 interlocutorias
2821 2311 2903 2353 ac
2948 2291 3039 2354 in·

484 2392 842 2462 hibiciones
890 2417 1141 2461 necnon
1185 2397 1635 2463 intimaciones
1684 2403 1749 2461 et
1794 2395 2258 2479 appellationes
2304 2394 2501 2461 verbo
2546 2395 2647 2459 vel
2677 2396 2745 2459 in
2777 2397 3037 2480 scriptis

484 2505 756 2568 emissas
790 2524 867 2568 ex
913 2504 1165 2585 integro
1213 2504 1293 2568 de
1340 2503 1535 2569 verbo
1583 2503 1666 2568 ad
1714 2502 1981 2567 verbum
2028 2502 2461 2584 conscribant,
2511 2502 2697 2566 cum3
2741 2525 2864 2586 per
2893 2526 3034 2587 par-

485 2615 615 2675 tem
662 2611 763 2675 vel
812 2616 1029 2694 partes
1077 2629 1191 2674 seu
1238 2602 1598 2676 auditorem
1646 2611 1849 2693 ipsius
1897 2630 2092 2673 cause
2139 2609 2381 2674 fuerint
2424 2611 2739 2692 requisiti.

657 2716 826 2782 Item
883 2717 1056 2799 quod
1110 2719 1543 2782 instrumenta
1598 2723 1665 2782 et
1718 2718 1850 2781 alia
1903 2737 2020 2800 per
2063 2723 2282 2800 partes
2329 2716 2647 2799 producta
2692 2715 3037 2800 diligenter

484 2825 832 2906 registrent
894 2825 996 2889 vel
1058 2825 1394 2906 registrari
1458 2823 1703 2888 faciant
1756 2823 1991 2906 notarij
2051 2826 2409 2889 memorati.
2519 2825 2689 2889 Acta
2751 2846 2907 2889 vero
2970 2827 3032 2887 in

478 2932 773 3013 partibus
820 2930 1046 2995 habita
1077 2932 1338 2995 minime
1377 2931 1804 3013 registrentur
1835 2929 1949 2994 sed
1981 2932 2441 3014 consignentur
2479 2939 2544 2996 et
2574 2939 3033 2996 conserventur

478 3059 594 3121 per
649 3038 824 3103 illius
881 3059 1075 3103 cause
1131 3039 1457 3104 notarium
1515 3037 1857 3120 diligenter
1878 3087 1893 3118 ,
1956 3039 2080 3101 nisi
2146 3038 2306 3102 alias
2371 3046 2590 3122 partes
2645 3040 2744 3103 vel
2811 3060 3029 3104 earum

478 3145 687 3211 altera
730 3146 846 3210 illa
890 3152 1188 3229 peterent
1244 3145 1597 3228 registrari.
1693 3143 1857 3207 Pars
1919 3151 2135 3209 autem
2194 3144 2261 3208 id
2320 3151 2546 3228 petens
2606 3146 2683 3209 de
2743 3153 3029 3229 regestro

477 3252 853 3318 satisfacere
898 3259 1214 3317 teneatur.

654 3359 822 3424 Item
888 3359 1060 3442 quod
1124 3360 1357 3442 notarij
1376 3408 1392 3439 ,
1422 3416 1426 3421 .
1455 3379 1619 3441 quos
1685 3358 2008 3423 interdum
2063 3365 2374 3441 perpetuo
2432 3365 2497 3423 et
2557 3359 2885 3424 interdum
2951 3359 3026 3424 ad

477 3472 732 3550 tempus
767 3466 846 3531 de
878 3468 1060 3530 curia
1092 3465 1421 3530 absentari
1463 3465 1815 3547 continget,
1851 3466 2067 3529 omnia
2096 3472 2407 3549 regestra,
2442 3472 2588 3530 acta
2621 3473 2686 3531 et
2715 3467 3027 3549 producta

477 3594 840 3656 causarum,
890 3574 955 3636 in
1004 3573 1240 3655 quibus
1290 3578 1481 3637 erunt
1515 3576 1541 3655 ΙΙ
1577 3573 1811 3655 notarij
1866 3572 2178 3656 deputati,
2227 3573 2322 3636 illi
2373 3573 2689 3655 videlicet,
2738 3576 2854 3656 qui
2885 3594 3023 3637 cum

476 3682 690 3745 animo
722 3702 851 3745 non
883 3679 1196 3745 redeundi
1226 3678 1626 3759 recederent,
1667 3678 1861 3743 alicui
1894 3680 2084 3744 alteri
2115 3680 2405 3744 notario4
2448 3680 2699 3763 ydoneo
2748 3682 2962 3745 iurato
2978 3680 3018 3759 ⁵,

477 3789 842 3852 examinato
900 3793 965 3851 et
1037 3787 1396 3869 approbato
1452 3793 1526 3850 ut
1581 3807 1781 3870 supra
1836 3788 2236 3869 surrogando
2290 3788 2356 3850 in
2412 3787 2555 3851 loco
2609 3789 2854 3870 ipsius,
2919 3787 3020 3850 ille

474 3916 646 3978 vero,
695 3896 806 3977 qui
839 3893 921 3958 ad
955 3899 1211 3976 tempus
1242 3893 1545 3958 recedere
1591 3893 1888 3975 voluerit,
1938 3895 2050 3957 uni
2098 3915 2175 3958 ex
2224 3894 2369 3976 alijs
2407 3895 2679 3978 notarijs
2713 3894 3016 3959 auditoris

474 4002 616 4066 sui⁶
663 4001 741 4066 de
788 4001 991 4084 ipsius
1040 4000 1352 4065 auditoris
1400 4000 1665 4064 licentia
1712 4006 1777 4065 et
1823 4002 2217 4066 conscientia
2271 3999 2526 4065 tradere
2582 4007 2648 4065 et
2705 4001 3016 4084 deponere

472 4113 806 4187 teneatur3
859 4109 972 4189 qui
1017 4108 1309 4172 notarius
1358 4107 1793 4190 depositarius
1840 4109 1906 4171 in
1953 4108 2259 4191 predictis
2312 4109 2524 4172 causis
2572 4107 2780 4172 eidem
2813 4129 2881 4171 se
2912 4107 3013 4172 ab·

473 4217 793 4280 sentanti-⁷
841 4216 1203 4279 commissis
1250 4236 1367 4298 pro
1417 4214 1642 4280 eodem
1692 4214 1957 4279 absente
2006 4215 2249 4279 scribat
2293 4213 2572 4279 fideliter
2617 4221 2682 4280 et
2727 4214 3014 4298 suppleat

473 4323 613 4386 eius
658 4323 850 4386 viceS.

651 4484 668 4514 ¹
707 4483 941 4538 Hdschr.
980 4482 1201 4538 differat
1235 4483 1326 4540 vel
1361 4488 1673 4553 postponat.
1820 4483 1841 4514 ²
1877 4482 2112 4538 Hdschr.
2149 4483 2353 4539 scribit.
2500 4483 2523 4514 ⁸
2545 4484 2708 4538 Korr.
2749 4500 2844 4538 aus
2878 4497 3004 4536 eam.

469 4571 491 4603 ⁴
528 4572 692 4627 Korr.
719 4590 819 4627 aus
844 4574 1059 4643 notarij.
1171 4574 1194 4604 ⁶
1230 4573 1334 4629 auf
1351 4572 1546 4626 Rasur.
1658 4572 1680 4603 ⁶
1716 4573 1802 4625 sui
1838 4590 1928 4626 am
1965 4572 2160 4627 Raude
2196 4572 2619 4643 nachgetragen.
2732 4574 2752 4606 ⁷
2786 4571 3003 4626 Hdschr.

469 4662 760 4716 absentati.
