3242 5184
1272 304 1699 365 ..45-

205 479 463 544 litteras
550 478 936 559 concedere,
1021 483 1096 541 ut
1186 478 1254 541 in
1349 477 1574 543 forma.
1709 476 1865 541 Fiat
1945 501 2062 562 pro
2144 479 2310 561 illis,
2396 481 2507 562 qui
2561 499 2759 545 ·nunc

207 592 358 651 sunt
402 585 509 650 P.1

379 691 552 755 Item
606 696 680 753 ut
736 696 886 754 ante
942 690 1143 771 diem,
1193 690 1347 754 dum
1393 699 1782 774 oportunum
1830 693 1923 756 eis
1969 691 2321 775 videbitur,
2372 694 2758 777 ubicumque

200 799 462 880 fuerint,
510 798 763 881 possint
808 796 1137 860 celebrare
1182 797 1285 862 vel
1331 797 1544 862 facere
1592 799 1928 863 celebrari.
2019 798 2077 863 F
2079 800 2174 863 iat
2218 800 2292 864 P.
2312 800 2333 837 ¹

376 904 548 969 Item
612 910 686 967 ut
748 903 1002 986 possint
1065 904 1500 969 confessorem
1565 905 1803 986 eligere
1857 905 2199 989 ydoneum,
2266 907 2379 988 qui
2423 907 2492 969 in
2527 910 2756 973 mortis

195 1012 475 1076 articulo
522 1012 616 1076 eis
662 1010 921 1093 plenam
967 1008 1443 1093 indulgenciam
1482 1010 1832 1076 concedere
1878 1012 2093 1077 valeat
2138 1014 2526 1078 auctoritate
2573 1035 2630 1077 v,
2680 1035 2754 1095 s.,

198 1124 264 1183 et
295 1139 496 1201 super
530 1117 658 1200 hijs
689 1117 943 1180 litteras
983 1116 1249 1181 cuilibet
1287 1139 1507 1182 eorum
1546 1117 1917 1199 concedere,
1952 1124 2026 1182 ut
2053 1119 2121 1182 in
2153 1118 2380 1184 forma.
2458 1119 2614 1183 Fiat
2647 1120 2751 1183 P1.

371 1224 545 1288 Item
592 1230 667 1288 ut
711 1224 1193 1288 conservatoria
1239 1225 1332 1287 eis
1380 1229 1446 1287 et
1491 1244 1713 1289 eorum
1761 1225 2029 1289 cuilibet
2072 1247 2188 1308 pro
2228 1225 2580 1309 beneficijS,
2629 1248 2754 1308 que

195 1331 499 1396 obtinent
544 1337 610 1396 et
655 1329 1041 1395 obtinebunt
1085 1330 1538 1413 imposterum,
1596 1330 1948 1396 concedere
1994 1331 2345 1414 dignemini
2398 1334 2582 1397 iuxta
2627 1333 2753 1399 for-

193 1459 365 1502 mam
416 1437 667 1520 concilij
703 1436 1089 1501 Viennensis
1138 1442 1204 1499 et
1234 1436 1488 1500 litteras
1522 1457 1716 1518 super
1746 1436 1872 1521 hijs
1904 1438 2275 1521 concedere,
2324 1445 2397 1503 ut
2426 1441 2493 1503 in
2525 1439 2750 1504 forma.

193 1544 348 1609 Fiat
395 1545 481 1608 ad
529 1545 877 1608 triennium
924 1542 998 1607 P.
1020 1543 1041 1580 ¹

368 1650 619 1715 Datum
664 1648 983 1714 Avinione
1027 1649 1210 1713 XVI.
1259 1649 1406 1713 Kal.
1455 1650 1611 1733 Maij
1665 1672 1833 1715 anno
1881 1658 2133 1734 quarto.
2154 1653 2175 1690 ¹

255 1926 264 1931 .
369 1863 535 1929 Hoc
582 1862 1040 1927 servandum
1089 1864 1169 1927 in
1215 1862 1627 1946 privilegio
1660 1863 2192 1946 Cisterciensi,
2228 1865 2456 1947 quod,
2506 1867 2570 1930 si
2615 1866 2747 1930 ha-

192 1970 431 2035 beant
496 1971 871 2035 ecclesias
936 1969 1054 2033 vel
1118 1968 1490 2052 capellaS,
1558 1977 1824 2034 castra
1894 1971 2011 2035 vel
2075 1971 2336 2052 villas,
2385 1979 2746 2055 ponatur:

195 2098 399 2159 „quas
447 2077 621 2141 idem
653 2078 1115 2142 monasterium
1146 2076 1394 2157 habuit,
1427 2078 1808 2158 priusquam
1838 2077 2286 2142 Cisterciensis
2320 2079 2562 2144 ordinis
2611 2100 2749 2143 sus-

197 2185 444 2267 ciperet
463 2184 826 2249 instituta“.
894 2184 991 2248 Et
1019 2182 1376 2264 inferius,
1409 2183 1537 2247 ubi
1569 2190 1981 2266 ponantur,
2018 2183 2256 2266 „Salva
2290 2185 2460 2250 sedis
2492 2192 2749 2269 aposto-

193 2289 313 2354 lice
361 2291 796 2356 auctoritate“
847 2288 1315 2354 addiciatur:
1367 2296 1476 2371 „et
1527 2292 1594 2354 in
1649 2291 1958 2373 predictis
2016 2292 2304 2374 ecclesijs
2360 2298 2427 2356 et
2482 2293 2748 2376 capellis

196 2395 706 2478 dyocesanorum
754 2396 1201 2479 episcoporum
1249 2397 1559 2461 canonica
1604 2398 1928 2479 iusticia“,
1977 2399 2127 2462 nisi
2175 2399 2277 2462 sit
2323 2405 2749 2482 exemptum

195 2508 344 2567 tam
421 2504 499 2567 in
577 2505 833 2586 capite
910 2524 1133 2585 quam
1207 2504 1283 2566 in
1348 2503 1712 2583 menbriS,
1790 2510 1863 2567 et
1936 2505 2001 2568 si
2072 2504 2348 2569 habuit
2412 2505 2746 2570 decimas

194 2610 556 2674 addatur:
627 2616 736 2690 „et
779 2610 842 2673 in
892 2610 1201 2692 predictis
1248 2610 1514 2674 decimis
1562 2610 2013 2677 moderacione
2061 2611 2310 2694 concilij
2360 2612 2744 2694 generalis“.

459 2877 960 2959 Privilegium
1002 2876 1548 2959 Cisterciense,
1606 2878 1683 2941 in
1741 2901 1917 2960 quo,
1983 2879 2048 2942 si
2107 2879 2445 2960 dicatur,
2485 2880 2503 2967 Η
2546 2878 2745 2962 quod
2782 2881 2902 2963 Eol.
2943 2887 3061 2937 25⁸.

548 2990 721 3067 post
777 2985 1186 3049 concilium
1248 2986 1616 3067 generale
1692 2993 2157 3068 susceptam,
2222 2986 2349 3050 ubi
2423 2985 2741 3050 dicitur:

553 3090 646 3180 „18
666 3113 802 3156 3116
840 3091 1298 3167 laborum“²‚
1337 3092 1354 3181 Η
1393 3091 1620 3155 debet
1656 3093 1833 3174 poni
1872 3098 2193 3156 tantum:
2232 3091 2479 3174 „Sane
2517 3114 2743 3157 nova-

547 3197 841 3261 lium“.3

364 3358 764 3441 Religiosam
818 3359 1018 3422 vitam
1065 3357 1450 3440 eligentibus
1500 3358 1926 3440 apostolicum
1974 3361 2271 3424 convenit
2316 3360 2544 3424 adesse
2599 3380 2742 3442 pre-

197 3465 455 3548 sidium,
504 3487 585 3529 ne
622 3465 789 3530 forte
836 3465 1179 3529 cuiuslibet
1224 3465 1610 3529 temeritatis
1658 3466 1954 3529 incursus
2002 3472 2117 3530 aut
2171 3488 2279 3531 eos
2327 3489 2367 3531 a
2411 3467 2742 3550 proposito

196 3579 449 3638 revocet
487 3578 601 3637 aut
644 3572 862 3654 robur,
897 3571 1069 3654 quod
1117 3572 1308 3653 absit,
1351 3593 1530 3636 sacre
1576 3572 1905 3654 religionis
1952 3572 2280 3655 infringat.
2354 3574 2740 3656 Eapropter,

199 3677 413 3744 dilecti
458 3680 525 3743 in
572 3680 832 3743 domino
886 3678 1024 3761 filij,
1081 3680 1313 3743 vestris
1367 3679 1556 3742 iustis
1620 3679 2168 3761 postulationibus
2225 3680 2573 3745 clementer
2627 3702 2741 3743 311-

198 3787 448 3851 nuimus
487 3792 553 3851 et
582 3786 1048 3850 monasterium
1082 3791 1303 3850 sancte
1337 3784 1440 3849 dei
1471 3786 1804 3867 genitricis
1837 3792 1903 3850 et
1939 3787 2205 3869 virginis
2242 3787 2470 3868 Marie,
2508 3788 2576 3850 in
2614 3809 2741 3868 quo

200 3890 405 3959 divino
441 3894 795 3975 mancipati
828 3894 984 3957 estis
1024 3892 1354 3974 obsequio,
1379 3891 1540 3957 sub4
1571 3892 1749 3956 beati
1781 3892 1962 3958 Petri
1993 3899 2061 3957 et
2088 3900 2313 3958 nostra
2342 3895 2742 3977 protectione

200 4001 578 4084 suscipimus
646 4007 713 4063 et
773 4001 1092 4081 presentis
1151 4000 1374 4083 scripti
1438 3999 1774 4082 privilegio
1848 4001 2352 4082 communimus,
2409 4001 2743 4083 inprimis⁵

369 4216 388 4246 ¹
425 4215 533 4269 Die
570 4214 800 4268 Zusatze
845 4213 973 4268 Fiat
1009 4212 1071 4267 P.
1112 4220 1214 4268 etc.
1262 4215 1367 4269 wie
1414 4214 1514 4268 das
1549 4213 1759 4267 Datum
1799 4219 1961 4268 unter
1997 4215 2105 4268 den
2142 4213 2449 4284 Suppliken
2495 4214 2618 4268 sind
2655 4221 2742 4268 rot

202 4299 674 4376 durchgestrichen
712 4303 825 4355 und
863 4303 1163 4374 dergestalt
1197 4303 1458 4373 geloscht.
1606 4303 1628 4333 ²
1664 4303 1782 4356 Der
1816 4303 2073 4357 fehlende
2109 4303 2232 4357 Teil
2271 4303 2368 4356 der
2392 4290 2743 4358 Uberschrift

204 4388 319 4444 dem
356 4393 550 4447 Raude
587 4391 767 4447 rechts
805 4392 1032 4463 entlang
1068 4391 1442 4461 geschrieben.
1614 4391 1635 4422 3
1671 4392 1780 4446 Ι)16
1819 4380 2164 4446 Uberschrift
2201 4409 2291 4445 am
2328 4391 2523 4446 Rande
2559 4392 2740 4446 rechts

203 4481 645 4551 vorgeschrieben
662 4521 678 4547 ‚
720 4481 953 4535 alsdann
1007 4487 1094 4536 rot
1148 4479 1646 4550 durchgestrichen.
1739 4481 1850 4534 Am
1886 4480 2080 4535 Raude
2116 4486 2226 4534 rot:
2284 4479 2428 4534 Non
2480 4498 2740 4550 semper

205 4566 387 4624 datur
420 4588 545 4625 nec
579 4570 786 4625 facile
821 4571 952 4623 nisi
988 4571 1204 4639 capiti
1239 4574 1561 4638 propter:
1600 4568 1770 4623 Sane
1810 4570 2137 4623 laborum.
2317 4568 2340 4599 ⁴
2377 4569 2503 4623 Von
2540 4571 2740 4625 andrer

207 4652 360 4714 Hand
394 4677 495 4715 aus
530 4677 645 4715 suo.
826 4660 848 4690 ⁶
884 4658 1000 4713 Vor
1034 4659 1102 4712 In
1140 4661 1227 4712 ein
1264 4664 1409 4712 rotes
1446 4657 1697 4711 Zeichen.
1770 4657 1879 4710 Am
1917 4658 2111 4712 Raude
2146 4663 2235 4711 rot
2269 4660 2372 4712 mit
2420 4659 2738 4714 demselben
