3242 5184
176 2519 295 2575 Fol.
335 2524 398 2574 81
418 2518 458 2574 ¹³.

1527 300 2019 363 -158-

494 475 880 558 requirende
902 525 917 556 ,
982 474 1049 538 111
1113 475 1405 558 personis
1472 496 1731 559 quoque
1792 475 1876 541 ad
1941 475 2475 541 conscribendum
2523 482 2672 542 acta
2716 476 3050 542 iudicialis.

496 582 821 666 deputatis
869 580 1258 646 sufficientia
1308 602 1612 665 operosa,
1673 581 1951 647 fidelitas
1999 583 2451 667 comprobata,
2508 584 2643 648 vita
2687 583 3050 648 honestatis

497 688 792 754 decentia
838 687 1368 768 commendanda,
1415 688 1731 754 mercedis
1766 689 2019 754 exactio
2049 689 2387 755 moderata
2434 696 2502 755 et
2545 690 2919 774 benignitas
2968 689 3051 755 ad

494 817 812 880 pauperes
845 795 1248 879 compassiva
1285 796 1416 859 sint
1459 797 1693 861 merito
1734 795 2063 879 exigende.
2148 795 2360 879 Igitur
2396 798 2463 860 in
2500 796 2796 863 Romana
2844 798 3046 878 curia,

495 904 820 968 communi
867 902 1128 986 quidem
1173 903 1406 985 patria,
1454 903 1568 967 ubi
1617 909 1718 967 est
1763 925 2085 968 summum
2132 904 2424 968 tribunal
2469 905 2687 988 iudicij
2741 904 3049 968 divinitus

494 1010 917 1074 constitutum
959 1015 1026 1075 et
1066 1009 1179 1073 ubi
1208 1008 1323 1072 lux
1355 1015 1420 1074 et
1448 1008 1659 1074 forma
1702 1011 1959 1075 iusticie
1991 1011 2395 1095 preeminent
2425 1018 2491 1076 et
2531 1012 2891 1095 perlucent,
2931 1010 3049 1076 hec

495 1121 751 1199 oportet
793 1118 1159 1181 necessario
1204 1117 1495 1200 reperiri.
1603 1114 1820 1198 Quare
1881 1139 2020 1199 1103,
2088 1120 2201 1199 (1111
2261 1117 2418 1182 11001
2479 1120 2763 1183 inmeriti
2824 1139 3050 1182 sumus

494 1222 671 1287 beati
733 1222 915 1287 Petri
991 1244 1328 1288 successor
1404 1228 1471 1287 01
1542 1225 1681 1288 vice
1756 1223 2036 1289 Christil
2112 1223 2441 1306 fungimur
2517 1246 2712 1307 super
2785 1230 3048 1305 terram,

495 1330 849 1413 cupienteS,
882 1334 959 1393 ut
986 1331 1053 1393 in
1086 1329 1441 1413 apostolico
1472 1331 1718 1414 palatio
1752 1331 2080 1396 audientie
2113 1352 2455 1396 causarum
2488 1353 2565 1396 ac
2598 1334 2722 1418 [in]
2754 1332 3050 1416 personis

494 1436 578 1501 ad
625 1437 1169 1502 examinationem
1216 1443 1282 1502 et
1327 1439 1867 1521 conscriptionem
1923 1438 2182 1502 illarum
2230 1461 2345 1522 pro
2392 1444 2687 1522 tempore
2734 1438 3047 1502 ordinatis

493 1543 818 1609 habeatur
862 1543 1181 1609 limitata²
1227 1542 1547 1609 ordinatio
1604 1565 1892 1627 congrua
1929 1551 2013 1610 ’01
2068 1544 2378 1628 3311111113,
2437 1546 2610 1610 circa
2676 1544 3047 1609 earumdem

495 1672 839 1715 causarum
869 1651 1198 1716 auditores
1229 1652 1519 1734 ipsorum
1539 1654 1723 1738 [que]
1763 1654 2051 1717 notarios
2091 1651 2446 1717 scribentes
2480 1653 2547 1716 in
2581 1653 2797 1718 causis
2827 1651 3047 1715 huius-

494 1757 688 1840 modi,
738 1758 1162 1823 suadentibus
1192 1757 1691 1822 rationabilibus
1726 1760 1959 1841 causis,
2009 1765 2260 1825 statuta
2293 1766 2359 1824 et
2406 1760 2876 1840 ordinamenta,
2928 1778 3048 1841 que

493 1864 973 1947 particulariter
1019 1870 1084 1929 et
1138 1866 1426 1930 seriatim
1485 1867 1896 1950 presentibus
1954 1872 2352 1931 annotantur
2367 1917 2382 1948 ,
2451 1868 2838 1931 auctoritate
2900 1886 3050 1948 apo-

495 1970 724 2036 stolica
768 1973 1017 2037 edimus
1066 1978 1132 2038 et
1177 1994 1255 2038 03
1299 1974 1691 2057 precipimus
1737 1975 2067 2057 perpetuis
2125 1972 2361 2039 futuris
2417 1975 2726 2058 temporis
2782 1973 3047 2037 inviola-

493 2078 713 2143 biliter
758 2079 1107 2144 observari.

671 2184 1030 2251 Stat-nimus
1062 2187 1262 2269 igitur
1292 2207 1368 2250 ac
1401 2187 1606 2252 eciam
1654 2186 2049 2269 ordinamus,
2100 2188 2275 2269 quod
2322 2188 2651 2252 auditores
2700 2189 2841 2251 sine
2889 2204 3048 2271 capa

495 2299 561 2357 et
603 2299 878 2375 roqueto
923 2294 992 2356 in
1034 2292 1207 2374 1000,
1265 2291 1378 2356 11111
1422 2292 1735 2358 residebit
1779 2295 1979 2376 curia,
2027 2295 2096 2358 in
2141 2294 2401 2378 publico
2449 2315 2577 2358 non
2623 2293 2952 2358 incedant.

670 2398 839 2464 Item
893 2399 1069 2482 quod
1121 2398 1359 2483 prefati
1414 2399 1743 2465 auditores
1801 2401 2175 2466 earumdem
2223 2422 2566 2466 causarum
2614 2401 2771 2465 dicti
2820 2400 3041 2485 palatij

499 2506 647 2569 sint‘
673 2506 742 2569 in
789 2505 1162 2589 audinendis
1202 2512 1262 2570 et
1298 2506 1669 2572 decidendis
1704 2508 1916 2571 causis
1956 2509 2048 2572 013
2083 2509 2442 2572 commissis
2477 2512 2541 2571 et
2573 2506 3045 2572 committendis

496 2610 729 2676 fortius
777 2612 966 2676 solito
1014 2612 1373 2696 diligentes,

672 2717 840 2783 Item
897 2719 1070 2800 quod
1128 2719 1457 2784 auditores
1514 2719 1789 2804 predicti
1843 2719 2017 2784 bona
2065 2720 2233 2785 'hora
2288 2722 2559 2804 singulis
2616 2721 2848 2786 diebus
2896 2721 3042 2785 iuri-

497 2825 656 2890 dicis
704 2825 788 2889 ad
833 2824 1152 2908 palatium
1199 2827 1584 2891 conveniant
1640 2833 1706 2892 et
1757 2826 2129 2892 immediate
2184 2834 2334 2911 post
2386 2828 2817 2912 pulsationem
2877 2850 3041 2893 cam·

497 2953 684 3016 pane,
734 2953 861 3014 (1110
897 2932 1197 3015 pulsatur
1228 2932 1311 2996 ad
1356 2933 1583 2998 horam
1632 2934 1831 2998 tercie
1876 2935 1944 2997 in
1992 2935 2266 2999 ecclesia
2312 2934 2689 3016 cathedrali,
2737 2937 3044 3020 incipiant

501 3039 725 3103 sedere
775 3038 857 3102 ad
906 3038 1299 3103 audiendum
1348 3060 1580 3104 causas
1629 3046 1694 3104 et
1742 3040 1985 3105 dictum
2031 3042 2348 3125 palatium
2379 3065 2509 3107 non
2541 3048 2792 3125 exeant,
2846 3043 3041 3107 donec

496 3152 716 3230 partes
765 3144 1210 3210 satisfecerint*
1244 3146 1346 3210 vel
1392 3167 1509 3230 per
1554 3167 1664 3211 eas
1712 3149 1966 3213 steterit
2012 3150 2145 3213 suis
2192 3150 2486 3214 terminis
2534 3171 2749 3239 coram
2797 3151 2913 3215 013.

671 3252 839 3317 Item
886 3253 1060 3335 quod
1106 3252 1303 3336 ijdem
1351 3253 1681 3319 auditores
1727 3255 1842 3318 illa
1887 3253 2057 3319 festa
2103 3254 2444 3320 dumtaxat
2490 3256 2862 3339 observent,
2921 3276 3036 3338 que

496 3359 810 3424 hactenus
872 3359 951 3424 de
1009 3360 1315 3425 mandato
1374 3367 1596 3425 nostro
1658 3381 1775 3444 per
1820 3361 2218 3426 audientiam
2264 3362 2625 3427 litterarum
2676 3369 3036 3427 nostrarum

497 3471 563 3530 et
606 3486 723 3550 per
774 3465 950 3550 ipsos
1007 3468 1251 3532 servari
1304 3467 1541 3533 debere
1598 3473 1846 3532 statuta
1898 3468 2098 3532 fuisse
2152 3476 2540 3550 noscuntur,
2604 3475 2672 3535 et
2729 3470 2903 3552 quod
2966 3468 3036 3532 (10

497 3577 710 3637 cetero
759 3572 887 3636 alia
933 3571 1100 3638 festa
1146 3596 1261 3639 3011
1308 3574 1444 3638 dies
1493 3575 1654 3639 alios
1694 3596 1773 3639 ex
1821 3596 1889 3640 se
1921 3575 2080 3660 ipsis
2112 3576 2213 3639 vel
2247 3576 2409 3641 alias
2445 3576 2771 3642 statuere³
2802 3577 2904 3642 vel
2934 3575 3034 3641 ob-

497 3700 754 3744 servare
801 3679 1211 3761 aliquatenus
1257 3702 1388 3745 non
1433 3688 1839 3765 presumant,
1892 3682 2005 3747 sed
2054 3681 2281 3747 diebus
2330 3683 2477 3766 alijs
2527 3684 2618 3747 sic
2666 3705 2735 3748 30
2780 3688 3032 3768 paratos

497 3791 563 3850 et
627 3786 935 3851 sollicitos
1001 3786 1350 3852 exhibeant
1411 3790 1478 3852 in
1538 3788 1902 3854 exhibenda
1956 3790 2217 3853 iusticia
2279 3789 2575 3873 partibus
2637 3790 3030 3872 litigantibus

497 3908 715 3957 coram
761 3894 941 3977 ipsis,
991 3893 1164 3975 quod
1212 3914 1291 3957 ex
1335 3893 1459 3958 hoc
1503 3896 1735 3960 merito
1784 3895 2064 3960 debeant
2110 3896 2564 3961 commendari.

674 3998 841 4063 Item
896 4000 1069 4081 quod
1123 3999 1219 4064 illi
1265 4021 1344 4064 ex
1390 4001 1633 4066 eisdem
1691 4000 2124 4083 auditoribuS,
2183 4004 2294 4085 qui
2349 4001 2622 4067 fratrum
2678 4008 3026 4068 nostrorum

499 4111 719 4170 sancte
750 4104 1042 4169 Romane
1077 4105 1345 4172 ecclesie
1392 4107 1818 4172 cardinalium
1863 4108 2216 4173 familiares
2264 4110 2570 4191 existunt,
2619 4108 2849 4174 diebus
2890 4107 3025 4173 iuri-

498 4212 656 4276 dicis
714 4218 781 4276 et
833 4212 1037 4295 horiS,
1095 4213 1332 4295 quibus
1390 4234 1582 4321 cause
1638 4220 2030 4297 tractantur,
2092 4215 2453 4281 cardinales
2508 4238 2637 4281 non
2692 4221 3027 4299 sequantur

678 4480 696 4511 ¹
735 4480 817 4533 Ist
851 4499 963 4536 von
999 4482 1233 4537 anderer
1268 4482 1437 4537 Hand
1472 4482 1619 4538 korr.
1656 4500 1758 4538 aus
1795 4485 2051 4554 episcopi.
2251 4485 2273 4517 ²
2308 4502 2343 4539 a
2378 4484 2482 4539 auf
2510 4484 2705 4539 Rasur.
2893 4483 2914 4515 ⁸
2944 4478 3022 4537 vel

501 4569 640 4622 alias
686 4574 927 4623 statuere
973 4573 1044 4624 ist
1088 4588 1215 4626 vom
1255 4571 1544 4627 Schreiber
1592 4572 1918 4627 wiederholt
1973 4571 2088 4626 und
2142 4572 2288 4628 beim
2333 4574 2690 4645 Korrigieren
2742 4570 3022 4631 iibersehen

500 4658 742 4713 worden.
