3242 5184
190 1348 312 1406 Fol.
354 1356 379 1405 1
391 1355 454 1404 12
467 1352 507 1404 b.

1624 310 1638 316 -
1756 271 1884 335 208

548 444 938 511 Ruticherus
1039 445 1119 512 de
1210 446 1455 514 Gronlo
1545 447 1770 512 Mona·
1971 447 2304 530 scriptoris
2365 445 2500 535 'die
2588 444 2777 511 XIH.
2858 448 3094 513 mensis

639 554 970 618 steriensis
1017 552 1308 636 dyocesis
1353 554 1591 619 iuravit
1636 552 1773 618 offi-
1967 554 2268 637 Augusti.

639 662 801 724 tium
856 662 1192 744 scriptorie
1248 660 1351 725 die
1397 658 1481 725 X.
1531 662 1771 725 mensis
1880 659 2375 725 Bartholomeus
2439 659 2682 724 Corvus
2757 659 3095 726 Ianuensis

636 767 934 850 Augusti.
1967 768 2205 832 iuravit
2266 765 2543 831 offitium
2598 767 2933 851 scriptoris
3002 769 3098 833 die

547 873 850 940 Nicolaus
929 874 1008 939 de
1084 873 1455 939 Benevento
1532 854 1770 939 iuravit
1965 874 2178 940 XXV.
2228 872 2647 956 Septembris.

638 981 912 1046 offitium
968 980 1435 1046 abbreviatoris
1493 980 1597 1047 die
1643 980 1765 1046 XI.
1877 980 2154 1046 Iacobus
2186 980 2462 1063 Zignani
2494 980 2574 1045 de
2605 980 2905 1046 Bononia
2933 981 3094 1046 iura·

637 1090 877 1154 mensis
923 1087 1222 1172 Augusti.
1965 1089 2059 1153 vit
2103 1086 2385 1153 officium
2417 1085 2749 1171 scriptoris
2782 1087 2890 1153 die
2918 1088 3093 1154 XVI.

546 1195 887 1261 Wilelmus
936 1194 1156 1261 Ghent
1206 1196 1443 1273 iuravit
1496 1195 1772 1260 offitium
1967 1196 2209 1259 mensis
2254 1194 2433 1278 Maij.

728 1361 753 1440 ΙΙ
777 1356 876 1421 De
906 1355 1211 1420 mandato
1234 1405 1248 1421 .
1276 1406 1288 1419 .
1315 1406 1328 1421 .
1347 1356 1369 1394 ¹
1401 1358 1615 1439 recepi
1649 1358 2080 1421 iuramentum
2113 1362 2233 1419 etc.
2270 1376 2309 1418 a
2329 1353 2644 1420 Gastaldo
2667 1353 3090 1439 Garbignaoe,

545 1485 815 1529 monaco
847 1463 1218 1546 monasterij
1271 1462 1349 1528 de
1392 1461 1676 1545 CerretO,
1725 1463 1967 1528 ordinis
2014 1461 2482 1544 CisterciensiS,
2531 1461 2704 1543 quod
2750 1464 2893 1546 ipse
2938 1464 3091 1527 bene

546 1577 612 1636 et
655 1570 903 1636 solicite
934 1570 1132 1635 faciat
1167 1568 1450 1635 officium
1493 1570 1965 1654 procurationis
2011 1591 2128 1652 pro
2177 1567 2400 1633 ordine
2431 1568 2848 1635 Cisterciensi
2878 1572 2945 1635 in
2990 1570 3088 1636 ab·

544 1678 755 1742 sentia
799 1678 1232 1761 procuratoris
1297 1676 1453 1741 dicti
1500 1726 1515 1741 .
1553 1726 1567 1742 .
1605 1727 1618 1741 .
1638 1678 1660 1716 ¹
1710 1677 1963 1755 duxerit
2026 1676 2454 1741 ordinandum
2516 1676 2618 1740 die
2675 1675 2793 1741 VI.
2863 1676 3088 1742 mensis

546 1782 846 1849 Octobris
891 1782 1302 1868 pontificatus
1350 1783 1594 1848 domini
1639 1786 1846 1849 nostri
1895 1783 2136 1848 domini
2182 1781 2432 1848 Urbani
2479 1782 2593 1848 VI.
2644 1806 2816 1849 anno
2868 1835 2881 1849 .
2919 1835 2932 1848 .
2969 1784 3021 1848 .¹

722 1891 1045 1974 Receptus
1117 1890 1241 1955 fuit
1313 1889 1610 1954 dominus
1670 1890 1915 1955 Paulus
1975 1889 2285 1955 Iohannis
2351 1889 2431 1954 de
2492 1890 2956 1956 Radicondolis
3018 1889 3087 1953 de

546 1997 730 2064 Senis
744 2049 759 2081 ,
807 1999 1021 2082 legum
1069 1998 1321 2080 doctor,
1371 2004 1437 2063 et
1488 1999 1725 2062 iuravit
1788 1998 1891 2062 die
1936 1997 2051 2063 VI.
2110 1998 2348 2062 mensis
2405 1998 2623 2081 Martij
2682 1997 3085 2080 pontificatus

546 2104 788 2169 domini
832 2104 1084 2171 Urbani
1128 2127 1295 2189 pape
1342 2104 1455 2170 VI.
1505 2126 1673 2169 anno
1723 2102 1943 2170 VIII0.

720 2211 843 2276 Die
889 2211 1027 2277 XII
1080 2214 1318 2278 mensis
1366 2210 1746 2277 Decembris
1807 2218 2105 2295 receptus
2166 2210 2289 2275 fuit
2343 2211 2639 2275 dominus
2687 2210 3083 2275 Branchinus

410 2388 415 2395 ,
541 2320 608 2383 in
656 2319 1039 2384 advocatum
1085 2320 1253 2384 sacri
1298 2318 1522 2402 palatij
1573 2340 1743 2382 anno
1789 2318 1950 2384 1110.

718 2425 842 2492 Die
886 2425 1162 2492 XVIII⁰
1207 2425 1492 2509 Ianuarij
1543 2431 1842 2509 receptus
1889 2426 2013 2490 fuit
2056 2427 2123 2490 in
2171 2426 2554 2490 advocatum
2600 2446 2716 2507 per
2766 2424 3080 2489 dominum

542 2530 763 2615 Lapus
813 2532 892 2597 de
940 2533 1277 2600 Florentia
1325 2539 1391 2598 et
1434 2532 1676 2598 iuravit
1723 2582 1736 2596 .
1775 2582 1788 2597 .
1826 2533 1880 2597 ‚¹
1928 2554 2094 2597 anno
2141 2531 2301 2597 1110.

721 2638 843 2704 Die
890 2639 1045 2704 XII.
1095 2639 1313 2722 Martij
1375 2639 1532 2703 anni
1595 2638 1869 2722 predicti
1923 2639 2158 2703 Petrus
2212 2639 2458 2704 Paulus
2525 2639 2603 2704 de
2656 2637 2958 2704 Gribellis
3012 2636 3080 2700 de

539 2744 769 2810 Padua
814 2753 1111 2829 receptus
1156 2746 1281 2810 fuit
1326 2767 1495 2809 anno
1541 2744 1686 2809 ΠΙο
1730 2746 1796 2809 in
1845 2745 2227 2811 advocatum
2274 2753 2341 2811 et
2383 2746 2636 2811 iuravit.

716 2852 1021 2918 Nicolaus
1056 2852 1297 2917 domini
1329 2851 1550 2917 Cantis
1584 2852 1664 2916 de
1697 2849 2044 2936 Grapaldis
2077 2853 2156 2916 de
2188 2852 2427 2917 Parma
2458 2852 2561 2917 die
2591 2850 2846 2918 XVIII.
2866 2850 3074 2932 Marcij

540 2957 662 3023 fuit
706 2965 1003 3043 receptus
1051 2960 1119 3024 in
1166 2958 1550 3023 advocatum
1599 2965 1665 3022 et
1709 2959 1964 3023 iuravit.

714 3065 1040 3149 Receptus
1089 3065 1211 3133 fuit
1256 3065 1550 3128 dominus
1582 3064 1952 3130 Ludovicus
1986 3066 2064 3130 de
2096 3066 2400 3131 Funtana
2446 3067 2511 3129 in
2560 3066 2942 3132 advocatum
2986 3065 3073 3129 die

538 3171 616 3237 V.
665 3174 905 3237 mensis
951 3172 1120 3255 Iunij
1173 3177 1239 3236 et
1281 3171 1536 3236 iuravit.

714 3279 1037 3363 Receptus
1083 3279 1208 3344 fuit
1254 3277 1548 3342 dominus
1595 3277 1915 3343 Ricardus
1964 3279 2164 3364 Scrop
2198 3281 2307 3368 [?]‚
2355 3282 2692 3362 utriusque
2737 3282 2896 3345 iuris
2943 3279 3068 3343 doc-

537 3392 657 3467 tor,
705 3387 773 3449 in
820 3387 1179 3451 auditorem
1226 3385 1394 3450 sacri
1439 3385 1662 3468 palatij
1716 3385 1820 3450 die
1867 3386 2016 3452 VH.
2066 3389 2305 3452 mensis
2353 3387 2753 3452 Decembris.

712 3493 1037 3576 Receptus
1085 3493 1210 3557 fuit
1256 3492 1552 3556 dominus
1599 3491 1922 3558 Iohannes
1969 3495 2208 3579 Egidij,
2257 3496 2592 3576 utriusque
2638 3495 2798 3559 iuris
2846 3494 3062 3568 doctor,

537 3600 602 3662 in
650 3599 1010 3665 auditorem
1058 3600 1225 3665 sacri
1271 3599 1493 3683 palatij
1546 3599 1651 3663 die
1697 3599 1853 3664 XII.
1907 3603 2145 3665 mensis
2193 3600 2593 3668 Decembris

713 3708 836 3773 Die
883 3708 1111 3771 ultima
1156 3707 1396 3772 mensis
1428 3704 1712 3789 Ianuarij
1755 3707 2169 3789 pontificatus
2220 3708 2461 3773 domini
2491 3707 2742 3774 Urbani
2773 3726 2933 3790 pape
2962 3700 3056 3766 VI.

535 3815 659 3879 fuit
720 3821 1018 3898 receptus
1083 3815 1149 3877 in
1216 3813 1595 3878 advocatum
1653 3814 2161 3879 consistorialem
2219 3815 2515 3879 dominus
2572 3813 2943 3896 Guasparus
2992 3807 3056 3870 de

535 3920 896 3987 Caldarinis
944 3920 1023 3985 de
1068 3919 1382 3986 Bononia.

711 4027 1037 4112 Receptus
1101 4026 1224 4091 fuit
1287 4025 1582 4090 dominus
1647 4027 1970 4094 Iohannes
2037 4030 2115 4094 de
2160 4027 2461 4110 Lamola,
2528 4027 2860 4109 utriusque
2917 4018 3052 4086 iuris

535 4134 779 4216 doctor,
828 4136 896 4198 in
944 4133 1304 4198 auditorem
1352 4134 1519 4196 sacri
1566 4134 1793 4219 palatij
1847 4135 1949 4200 die
1996 4135 2353 4219 penultima
2397 4135 2638 4199 mensis
2684 4129 2974 4211 Ianuarij.

709 4242 1035 4323 Receptus
1069 4240 1192 4304 fuit
1219 4241 1287 4304 in
1320 4240 1705 4307 advocatum
1737 4243 2247 4307 consistorialem
2266 4242 2558 4307 Romane
2580 4242 2753 4305 curie
2786 4234 3047 4302 dominus

531 4348 854 4413 Antonius
886 4346 1055 4412 filius
1088 4347 1346 4413 'Pisonis
1387 4347 1465 4412 de
1498 4355 1723 4414 sancto
1753 4349 2002 4432 Angelo
2035 4349 2114 4414 de
2152 4348 2401 4431 Padua‚
2444 4349 2659 4431 legum
2690 4347 2919 4422 doctor,
2946 4355 3047 4420 per

532 4455 859 4518 dominum
897 4461 1190 4519 nostrum
1221 4453 1558 4520 Urbanum
1588 4478 1829 4539 papam
1866 4455 2003 4540 VI.,
2051 4456 2203 4520 licet
2250 4462 2423 4520 esset
2468 4454 2723 4537 absenS‚
2771 4457 2833 4517 et
2873 4442 3045 4513 voluit

712 4636 725 4665 ¹
768 4634 1128 4688 Unleserlich.
1204 4635 1311 4688 Die
1349 4634 1554 4688 schrift
1587 4654 1730 4706 ganz
1765 4633 2035 4693 verblasst.
