3242 5184
246 1561 358 1615 1³01.
399 1565 462 1614 31
479 1559 518 1614 ¹².

1623 301 2047 364 —58-

554 473 980 538 munitatibus
1028 475 1180 537 suiS.
1276 472 1446 538 Sane
1491 473 1815 539 novalium
1862 480 2251 557 vestrorum,
2310 496 2436 558 que
2480 476 2764 559 proprijs
2811 475 3127 540 manibus

556 587 671 646 aut
716 580 1079 664 sumptibus
1128 579 1360 662 colitis,
1410 580 1489 645 de
1537 580 1774 663 quibus
1815 580 2049 663 aliquis
2086 580 2403 647 hactenus
2442 604 2570 647 non
2614 582 2931 665 percepit,
2990 583 3126 646 sive

555 688 635 752 de
681 693 1042 752 vestrorum
1088 687 1468 751 animalium
1511 688 1924 751 nutrimentis
1971 687 2186 752 nullus
2220 710 2260 753 a
2289 688 2471 753 vobis
2522 688 2807 754 decimas
2856 689 3127 771 exigere

553 795 656 859 vel
702 799 1085 877 extorquere
1131 800 1485 877 presumat.
1578 793 1810 858 Liceat
1864 816 2120 878 quoque
2173 795 2357 860 vobis
2413 795 2682 861 clericos
2742 797 2846 860 vel
2894 795 3125 878 laycos

555 907 677 968 etc.
727 922 933 984 usque
979 901 1279 965 retinere.
1372 900 1801 966 Prohibemus
1847 901 2131 985 insuper,
2180 908 2254 967 ut
2298 902 2460 966 nulli
2506 901 2786 966 fratrum
2834 907 2966 966 etc.
3022 924 3124 966 us·

557 1029 681 1092 que
711 1008 993 1090 licentia,
1027 1008 1153 1072 nisi
1184 1009 1444 1073 artioris
1476 1009 1804 1092 religionis
1839 1008 2129 1090 obtentu,
2180 1008 2258 1072 de
2300 1008 2528 1074 eodem
2565 1008 2709 1074 loco
2756 1008 3124 1090 discedere,

557 1115 994 1180 discedentem
1058 1135 1208 1180 vero
1271 1119 1392 1181 etc.
1450 1136 1657 1198 usque
1702 1116 2000 1180 retinere.
2095 1114 2255 1180 Cum
2302 1121 2521 1180 autem
2567 1116 2869 1198 generale
2918 1117 3124 1181 inter-

557 1222 803 1286 dictum
849 1227 1022 1286 terre
1068 1220 1283 1302 fuerit,
1331 1221 1526 1286 liceat
1569 1221 1751 1286 vobis
1785 1222 2022 1286 clausis
2069 1224 2300 1305 13111118,
2350 1222 2629 1287 exclusis
2677 1224 3122 1288 excommuni-

557 1329 723 1393 catis
788 1334 855 1393 et
915 1327 1301 1409 interdictiS,
1367 1351 1495 1394 non
1549 1328 1825 1411 pulsatis
1874 1330 2226 1412 campanis,
2277 1329 2622 1394 dummodo
2671 1351 2946 1394 causam
2996 1352 3121 1395 non

557 1434 866 1499 dederitis
914 1435 1279 1517 interdicto,
1331 1456 1682 1518 suppressa
1728 1456 1882 1500 voce
1926 1435 2144 1500 divina
2191 1435 2407 1502 officia
2444 1436 2792 1501 celebrare.
2859 1435 3122 1501 Crisma

556 1562 730 1623 ver0,
765 1541 975 1607 oleum
1010 1547 1324 1624 sanctum,
1364 1544 1381 1629 Ῑξ
1420 1543 1936 1607 consecrationes
1969 1542 2275 1607 altarium
2307 1564 2422 1607 seu
2451 1542 2893 1622 basilicarum,
2948 1541 3118 1608 ordi·

559 1649 855 1713 nationes
896 1647 1293 1729 clericorum,
1343 1650 1454 1731 qui
1494 1648 1575 1713 ad
1609 1648 1867 1714 ordines
1898 1649 2140 1713 fuerint
2175 1649 2612 1733 promovendi,
2663 1672 2703 1713 a
2749 1649 3120 1733 dyocesano

560 1755 927 1838 suscipietis
992 1756 1314 1837 episcope,
1382 1755 1702 1838 siquidem
1749 1755 2105 1821 catholicus
2151 1755 2347 1821 fuerit
2392 1762 2459 1821 et
2502 1757 2782 1839 gratiam
2830 1761 2898 1821 et
2950 1778 3119 1822 com-

558 1863 926 1927 munionem
986 1867 1397 1927 sacrosancte
1443 1861 1736 1927 Romane
1783 1862 1955 1927 sedis
2000 1862 2302 1928 habuerit
2361 1869 2427 1927 et
2482 1884 2561 1928 ea
2606 1863 2790 1928 vobis
2836 1864 3123 1928 voluerit

560 1971 698 2033 sine
743 1969 1063 2051 pravitate
1110 1967 1403 2051 qualibet
1458 1968 1780 2033 exhibere.
1876 1969 2184 2052 Alioquin
2237 1970 2434 2034 liceat
2477 1969 2681 2052 vobiS,
2743 1991 3119 2053 quemcum-

561 2097 685 2158 que
748 2073 1128 2156 malueritiS,
1196 2075 1584 2139 catholicum
1644 2074 1823 2140 adire
1881 2077 2240 2141 antistitem
2298 2081 2418 2141 etc.
2486 2097 2692 2158 usque
2756 2077 3118 2160 impendat.

557 2181 986 2247 Prohibemus
1032 2182 1315 2264 insuper,
1363 2186 1438 2246 ut
1481 2180 1653 2246 infra
1698 2180 1858 2246 fines
1905 2184 2243 2266 parrochie
2288 2189 2521 2265 vestre,
2572 2183 2628 2246 si
2660 2203 2804 2246 eam
2834 2181 3118 2261 habetiS,

558 2290 774 2354 nullus
822 2289 961 2352 sine
1008 2308 1278 2352 assensu
1326 2288 1671 2371 dyocesani
1718 2290 2003 2373 episcopi
2058 2295 2125 2353 et
2168 2295 2383 2355 vestro
2441 2289 2761 2373 capellam
2806 2309 2926 2353 seu
2978 2310 3117 2354 ora-

558 2396 798 2462 torium
863 2393 942 2459 de
1005 2417 1169 2460 novo
1234 2401 1607 2461 construere
1673 2396 1932 2478 audeat,
2000 2397 2194 2461 salvis
2257 2395 2613 2480 privilegijs
2670 2395 3118 2461 Romanorum

558 2499 956 2586 pontificum.
1048 2500 1153 2565 Ad
1198 2501 1318 2566 hec
1363 2524 1563 2569 novas
1611 2509 1678 2567 et
1707 2502 2032 2569 indebitas
2065 2503 2434 2568 exactiones
2468 2502 2551 2567 ab
2585 2502 3115 2585 archiepiscopis,

560 2608 899 2692 episcopis,
949 2607 1437 2691 archidyaconis
1485 2630 1600 2674 seu
1648 2609 1909 2674 decanis
1966 2610 2241 2693 alijsque
2298 2609 2595 2675 omnibus
2654 2609 3116 2674 ecclesiasticis

562 2714 1041 2780 secularibusve
1086 2715 1378 2797 personis
1426 2738 1465 2780 a
1494 2715 1678 2782 vobis
1709 2714 1851 2781 fieri
1887 2715 2323 2799 prohibemus.
2409 2714 2824 2800 Sepulturam
2857 2736 3115 2799 quoque

559 2823 765 2906 ipsius
812 2821 936 2886 loci
982 2804 1270 2885 liberam·
1303 2843 1443 2887 esse
1491 2823 1917 2904 decernimus,
1966 2827 2041 2886 ut
2087 2843 2308 2887 eorum
2342 2822 2667 2888 devotioni
2713 2828 2780 2887 et
2828 2828 3116 2887 extreme

560 2929 899 3010 voluntati,
950 2927 1061 3010 qui
1109 2948 1177 2991 se
1222 2927 1356 2992 11110
1403 2929 1662 3012 sepeliri
1708 2929 2227 3011 deliberaverint,
2288 2928 2415 2993 nisi
2461 2928 2627 2993 forte
2674 2929 3113 2995 excommuni-

564 3037 694 3100 cati
757 3034 857 3098 vel
920 3032 1249 3098 interdicti
1312 3035 1442 3099 sint
1496 3042 1611 3101 aut
1668 3035 1911 3118 publici
1955 3036 2260 3120 usurarij,
2307 3035 2522 3101 nullus
2570 3035 2870 3118 obsistat,
2939 3037 3116 3101 salva

562 3148 780 3207 tamen
844 3141 1103 3205 iusticia
1165 3140 1426 3205 illarum
1490 3142 1928 3225 ecclesiarum,
1996 3164 2036 3206 a
2091 3142 2326 3225 quibus
2379 3147 2783 3208 mortuorum
2844 3162 3117 3227 corpora

564 3254 1001 3313 assumuntur.
1094 3246 1398 3313 Decimas
1452 3260 1753 3332 preterea
1810 3255 1876 3313 et
1920 3249 2361 3333 possessiones
2418 3249 2502 3313 ad
2546 3250 2648 3313 ius
2696 3248 3115 3314 ecclesiarum

564 3361 927 3420 vestrarum
974 3360 1363 3437 spectantes,
1413 3377 1538 3439 que
1586 3377 1626 3419 a
1671 3354 1872 3438 laycis
1907 3355 2297 3437 detinentur,
2345 3354 2704 3420 redimendi
2736 3360 2804 3419 et
2831 3354 3114 3437 legitime

561 3460 882 3526 liberandi
947 3460 1025 3525 de
1089 3461 1388 3526 manibus
1455 3483 1677 3527 eorum
1739 3467 1805 3526 et
1851 3462 1934 3527 ad
2000 3462 2328 3542 ecclesiaS,
2395 3459 2479 3525 ad
2545 3482 2707 3543 quas
2766 3461 3110 3543 pertinent,

563 3567 908 3634 revocandi
951 3566 1162 3632 libera
1216 3568 1303 3631 sit
1346 3568 1529 3634 vobis
1585 3568 1667 3632 de
1712 3574 1937 3634 nostra
1984 3569 2376 3633 auctoritate
2430 3565 2727 3631 facultas
2822 3564 3113 3632 Obeunte

563 3696 714 3741 vero
745 3679 830 3756 te,
877 3695 1047 3738 nunc
1090 3674 1377 3739 eiusdem
1423 3674 1547 3740 loci
1579 3674 1839 3757 abbate,
1886 3675 1993 3740 vel
2031 3680 2292 3739 tuorum
2339 3672 2631 3756 quolibet
2675 3693 3112 3738 successorum

564 3782 779 3847 nullus
843 3781 937 3845 ibi
1003 3780 1296 3863 qualibet
1359 3782 1785 3864 surreptionis
1851 3782 2099 3847 astutia
2168 3802 2284 3845 seu
2337 3779 2646 3845 violentia
2699 3784 3110 3864 preponatur,

565 3889 691 3952 nisi
748 3908 942 3971 quem
995 3886 1230 3952 fratres
1287 3888 1610 3954 communi
1666 3910 1983 3954 consensu
2038 3887 2142 3952 vel
2195 3887 2472 3952 fratrum
2518 3887 2727 3951 maior
2769 3907 2927 3969 pars
2974 3906 3109 3949 con-

567 3995 691 4078 silij
730 3994 1003 4059 sanioris
1038 3994 1389 4059 secundum
1421 3993 1614 4058 deum
1661 4001 1727 4059 et
1772 3995 1948 4060 beati
1982 3993 2331 4077 Augustini
2377 3993 2671 4076 regulam
2720 3992 3111 4076 providerint

567 4099 950 4185 eligendum.
1060 4101 1219 4165 Paci
1292 4122 1548 4186 quoque
1622 4107 1743 4166 etc.
1818 4122 2026 4184 usque
2100 4121 2415 4166 exercere.
2523 4100 2835 4164 Preterea
2898 4117 3105 4164 omnes

565 4207 906 4272 libertates
939 4213 1060 4272 etc.
1094 4229 1301 4291 usque
1335 4208 1822 4273 communimus.
1902 4207 2325 4273 Decernimus
2358 4227 2510 4290 ergo
2551 4211 2672 4271 etc.
2722 4226 2931 4288 usque
2974 4225 3106 4289 pro-

566 4314 806 4378 futura.
874 4312 1069 4379 Salva
1116 4314 1285 4379 sedis
1335 4313 1689 4398 apostolice
1737 4314 2125 4380 auctoritate
2172 4320 2237 4378 et
2283 4313 2625 4398 dyocesani
2682 4312 2969 4396 episcopi
3014 4331 3105 4373 ca-

566 4422 800 4487 nonica
868 4421 1145 4485 iusticia.
1251 4420 1319 4486 Si
1385 4443 1516 4504 qua
1578 4422 1779 4503 igitur
1842 4427 1962 4486 etc.
2029 4441 2238 4504 usque
2301 4420 2553 4485 ultioni.
2668 4416 2933 4483 Cunctis
2995 4421 3103 4482 610.

566 4550 772 4613 usque
818 4528 1169 4594 inveniant.
1262 4528 1492 4594 Amen.
1585 4527 1820 4593 Amen.
