3242 5184
93 858 213 913 Fol.
254 861 321 913 ‘10
330 858 371 911 b.

1447 261 1535 268 --
1634 223 1756 285 136
1846 259 1935 268 —

677 396 797 460 Ad
842 395 1062 460 idem.

588 538 755 602 Item
801 538 1191 604 tenebantur
1235 538 1508 623 predicti
1556 561 1798 621 omneS,
1848 538 2040 603 simul
2086 538 2383 604 auditore
2416 537 2978 603 contradictarum

412 650 477 709 et
533 651 895 711 correctore
959 645 1320 727 adiunctiS,
1398 647 1659 710 visitare
1715 646 2044 711 dominum
2116 668 2354 729 papam
2427 646 2495 709 in
2525 636 2529 641 ⁴
2564 643 2977 710 nativitatis¹

411 756 477 815 et
521 752 1013 822 resurrectionis
1061 751 1377 817 dominice
1434 752 1926 832 festivitatibus,
1993 757 2061 816 et
2116 756 2588 818 consueverunt
2631 750 2859 816 bibere
2907 756 2980 815 et

411 858 746 924 comedere
791 859 1104 941 speciales
1141 881 1283 924 cum
1319 860 1575 925 domino
1607 881 1799 943 papa.
1886 858 2139 942 Quibus
2164 863 2188 942 ΙΙ
2213 857 2409 923 etiam
2455 857 2753 923 dominus
2799 878 2979 941 papa

412 966 744 1030 consuevit
791 965 946 1030 dare
993 966 1307 1049 speciales
1348 988 1610 1049 grossas
1644 966 2034 1032 aromaticas
2071 963 2686 1057 proprijsmanibus
2719 962 2976 1028 habun-

414 1071 663 1136 danter.
727 1071 818 1137 Et
847 1072 914 1137 in
945 1072 1090 1137 istis
1122 1072 1584 1139 festivitatibus
1617 1077 2091 1139 consueverunt
2127 1072 2412 1155 recipere
2451 1059 2978 1137 communionem

413 1177 493 1243 de
538 1177 839 1244 manibus
885 1201 1054 1264 pape
1099 1180 1475 1247 immediate
1519 1186 1670 1265 post
1717 1179 2039 1263 dyaconos
2087 1177 2447 1244 cardinales
2466 1183 2511 1242 2.

678 1409 793 1474 Ad
838 1409 1057 1477 idem.

590 1550 1075 1619 consueverunt
1119 1555 1342 1639 itaque
1387 1555 1622 1638 notarij
1675 1576 1754 1619 ex
1801 1554 2024 1620 ordine
2069 1553 2284 1637 legere
2321 1574 2765 1637 quascumque
2811 1552 2977 1636 peti-

411 1660 621 1725 tiones
655 1682 873 1726 coram
906 1659 1165 1727 domino
1196 1683 1388 1746 papa,
1437 1662 1723 1745 exceptis
1757 1661 2182 1744 dignitatibus
2217 1661 2727 1744 episcopatuum,
2771 1659 2977 1724 abba-

411 1765 652 1830 tiarum
701 1772 766 1830 et
811 1767 1086 1832 aliorum
1134 1769 1555 1852 superiorum.

679 1996 793 2061 Ad
838 1998 1054 2063 idem.

589 2138 758 2205 Item
822 2142 1106 2224 exceptis
1172 2140 1765 2225 dispensationibus
1840 2143 2184 2222 clararum,
2239 2140 2589 2205 illustrium
2636 2146 2704 2204 et
2749 2161 2976 2222 super-

413 2245 763 2310 illustrium
794 2268 1237 2330 personarum,
1280 2270 1444 2330 quas
1479 2247 1697 2330 legere
1727 2270 1856 2313 non
1889 2247 2234 2330 debebant,
2266 2252 2461 2331 prout
2491 2247 2559 2311 in
2590 2246 2977 2330 provinciali

415 2352 800 2418 cancellarie
844 2353 1097 2438 plenius
1144 2354 1528 2420 continetur.

681 2583 795 2648 Ad
842 2584 1056 2650 idem.

590 2725 759 2792 Item
817 2728 1219 2794 solummodo
1273 2729 1506 2814 notarij
1569 2734 2041 2794 consueverunt
2087 2734 2153 2793 et
2198 2727 2436 2793 debent
2480 2726 2694 2792 facere
2741 2725 2972 2791 abbre-

413 2833 693 2898 viatores
742 2840 809 2899 et
854 2834 962 2918 alij
1006 2857 1155 2917 non,
1203 2837 1664 2919 cuiuscumque
1709 2836 2195 2920 preeminentie,
2242 2834 2627 2901 conditionis
2659 2840 2726 2899 et
2763 2838 2973 2898 status

414 2938 656 3006 fuerint
671 2940 715 3005 ³.

679 3171 793 3236 Ad
839 3172 1055 3237 idem.

589 3311 759 3379 Item
805 3314 1001 3398 ijdem
1046 3317 1280 3400 notarij
1332 3317 1733 3384 solummodo
1778 3318 1879 3383 vel
1913 3340 2135 3384 eorum
2167 3316 2654 3383 abbreviatores
2688 3314 2769 3380 de
2800 3315 2973 3399 ipso-

411 3441 555 3484 rum
610 3420 918 3487 mandato
975 3422 1271 3506 signare*
1324 3431 1796 3491 consueverunt
1849 3447 2070 3491 omnes
2129 3430 2319 3491 notas
2368 3427 2472 3489 et5
2516 3443 2777 3505 grossas
2825 3443 2974 3506 pro-

412 3527 730 3592 visionum
778 3534 844 3592 et
887 3527 1127 3594 formas
1173 3551 1531 3615 pauperum
1579 3537 1646 3596 et
1690 3554 2133 3616 quascumque
2178 3531 2343 3596 alias
2391 3529 2644 3613 gracias
2692 3534 2759 3592 et
2788 3528 2974 3592 iusti-

412 3634 574 3698 tiam
607 3636 1030 3718 continenteS,
1065 3642 1131 3702 et
1161 3638 1273 3720 qui
1305 3659 1489 3703 secus
1522 3638 1787 3721 faceret,
1823 3636 2164 3722 derogaret
2195 3636 2399 3704 offitio
2445 3634 2705 3717 notarij.
2783 3634 2875 3699 Et
2919 3636 2976 3698 si

411 3740 580 3806 forte
626 3740 976 3808 cardinalis
1023 3743 1259 3828 aliquis
1315 3746 1594 3827 gratiam
1657 3746 1943 3829 aliquam
1999 3742 2419 3829 impetrabat,
2477 3741 2787 3807 mittebat
2829 3762 2976 3806 eam

413 3847 535 3914 sub
567 3848 776 3931 sigillo
824 3872 942 3916 suo
975 3850 1442 3934 expediendam
1475 3851 1559 3917 ad
1596 3855 1941 3935 notarium,
1983 3873 2177 3936 quem
2207 3848 2487 3930 volebat,
2535 3848 2648 3932 qui
2679 3848 2976 3914 notarius

413 3954 743 4021 scribebat
785 3956 853 4020 in
901 3958 1190 4042 margine
1235 3979 1458 4041 grosse
1495 3959 1809 4025 mittende
1846 3959 1930 4026 ad
1963 3956 2445 4025 cancellariam:
2499 3976 2630 4022 non
2660 3954 2814 4038 legi,
2861 3953 2979 4019 sed

414 4060 709 4127 dominus
756 4062 909 4128 talis
958 4063 1306 4131 cardinalis
1353 4065 1704 4131 mandavit.

592 4313 609 4344 ¹
647 4312 882 4368 Hdschr.
922 4317 1228 4372 nativitate.
1412 4317 1433 4348 ²
1469 4316 1676 4371 Hierzu
1723 4335 1813 4371 am
1851 4319 2045 4374 Raude
2083 4318 2229 4372 links
2265 4333 2375 4372 von
2413 4313 2658 4368 'auderet
2693 4310 2865 4365 Hand
2901 4329 2976 4368 no

412 4401 547 4471 [scil.
582 4400 715 4470 non]
752 4403 866 4457 und
904 4403 1051 4459 links
1087 4405 1203 4459 und
1238 4406 1436 4474 rechts,
1474 4406 1616 4460 nach
1653 4407 1796 4462 oben
1834 4408 1947 4460 und
1986 4414 2157 4462 unten
2194 4401 2730 4477 schlangenformige
2755 4399 2974 4457 Linien.

412 4489 435 4522 ⁸
469 4489 741 4546 Dasselbe
764 4490 997 4547 Zeichen
1033 4510 1125 4547 am
1161 4492 1357 4549 Raude
1392 4493 1539 4549 links
1577 4497 1683 4550 wie
1718 4496 1884 4550 Anm.
1924 4497 1973 4551 2.
2153 4497 2176 4528 ⁴
2212 4497 2375 4552 Korr.
2413 4500 2588 4556 durch
2612 4492 2973 4567 Unterpunk-

412 4581 595 4635 tieren
631 4597 732 4635 aus
768 4579 1094 4653 significare.
1276 4583 1298 4615 ⁶
1334 4570 1489 4640 Uber
1525 4583 1624 4639 der
1659 4584 1809 4641 Zeile
1845 4603 1955 4642 von
1992 4586 2225 4642 anderer
2260 4587 2431 4645 Hand
2466 4577 2893 4662 nachgetragen.
