3242 5184
1272 303 1761 364 —167--

246 477 519 562 notarijs
577 478 709 542 suis
764 478 829 542 in
886 477 1127 543 eisdem
1184 478 1398 543 causis
1452 478 1887 543 iuramentum
1942 476 2261 561 recipiant
2304 477 2487 542 iuxta
2533 474 2794 560 formam,

249 584 484 678 quibus
532 585 748 649 iurare
795 583 1036 649 debe'nt
1082 585 1235 649 dicti
1275 585 1605 650 auditores
1654 591 1719 650 et
1763 584 1998 667 notarij
2048 582 2271 667 palatij
2309 582 2649 667 apostolici
2680 603 2796 669 per

247 714 385 773 nOS,
418 697 492 756 ut
537 691 953 775 premittitur,
1002 691 1354 772 ordinataS,
1401 692 1469 755 in
1517 698 1834 774 quantum
1880 697 2103 773 tanget
2149 689 2362 756 officia
2401 688 2791 759 eorumdem.

424 797 593 863 Item
640 798 986 863 statuimus
1034 803 1101 863 et
1146 797 1344 862 etiam
1391 797 1766 863 ordinamus
1786 848 1801 879 ,
1850 796 2023 880 quod
2069 796 2326 879 prefata
2390 796 2522 862 alia
2580 795 2796 879 quoad

248 926 539 986 munera,
588 905 758 971 dona
807 911 872 970 et
919 905 1228 970 ensennia
1273 926 1350 969 ac
1399 907 1862 989 scripturarum
1910 904 2303 985 taxaciones,
2353 924 2479 986 que
2508 924 2626 987 per
2655 925 2793 985 nos,

248 1017 323 1076 ut
358 1010 700 1096 prefertur,
749 1012 830 1078 de
885 1011 1291 1077 auditoribus
1339 1018 1405 1077 et
1448 1013 1724 1096 notarijs
1771 1012 1926 1076 dicti
1971 1010 2193 1096 palatij
2246 1016 2398 1075 sunt
2443 1015 2689 1076 statuta
2733 1015 2799 1074 et

245 1119 446 1184 etiam
475 1118 793 1201 ordinata,
816 1121 987 1205 [per]
1009 1118 1328 1184 dictorum
1348 1118 1775 1184 cardinalium
1796 1124 1861 1183 et
1879 1118 2076 1183 etiam
2096 1117 2272 1182 curie
2292 1122 2511 1183 nostre
2544 1137 2797 1182 camere

245 1225 576 1292 auditores
636 1248 714 1291 ac
767 1226 1014 1291 iudices
1071 1227 1246 1291 curie
1303 1225 1671 1291 marescalli
1730 1246 1807 1290 ac
1863 1245 1979 1309 per
2036 1225 2325 1309 ipsorum
2383 1230 2450 1289 et
2494 1245 2796 1308 quorum-

245 1354 522 1416 cumque
586 1334 862 1398 aliorum
923 1334 991 1397 in
1053 1332 1352 1399 Romana
1415 1333 1598 1398 curia
1674 1353 1903 1397 causas
1980 1331 2367 1397 auctoritate
2441 1329 2799 1415 apostolica

245 1439 651 1505 audientium
705 1446 771 1505 et
825 1440 1274 1505 auditurorum
1330 1441 1752 1523 imposterum
1815 1438 2104 1503 notarios
2160 1435 2621 1503 inviolabiliter
2686 1434 2796 1500 ob-

247 1553 605 1613 serventur.

424 1653 516 1720 Ut
559 1654 758 1737 igitur
803 1653 1241 1721 ordinationes
1297 1659 1363 1719 et
1421 1659 1672 1718 statuta
1729 1657 1954 1719 nostra
2010 1651 2410 1732 huiusmodi,
2471 1670 2598 1732 que
2654 1670 2796 1732 per÷

192 1837 197 1841 ,
243 1762 460 1846 petuis
506 1761 742 1826 futuris
797 1761 1196 1846 temporibus
1253 1762 1570 1826 duratura
1624 1780 1961 1824 censemus
1976 1810 1991 1841 ,
2058 1756 2517 1823 inviolabiliter
2581 1755 2798 1822 obser-

244 1874 479 1934 ventur
524 1875 591 1934 et
634 1890 715 1933 ne
761 1869 875 1933 illa
919 1868 1002 1934 ob
1048 1869 1358 1934 memorie
1400 1866 1795 1933 labilitatem
1839 1867 2122 1931 humane
2180 1863 2487 1950 oblivioni
2544 1861 2796 1942 dentur,

247 1981 319 2041 et
353 1975 552 2040 etiam
596 1981 671 2040 ut
715 1975 1044 2041 auditores
1093 1981 1159 2041 et
1203 1975 1437 2058 notarij
1487 1974 1793 2058 prelibati
1839 1994 1955 2056 per
1987 1971 2467 2050 ordinationum
2499 1975 2565 2034 et
2596 1975 2798 2035 statu-

243 2089 461 2148 torum
508 2082 882 2148 eorumdem
929 2083 1396 2166 inspectionem
1444 2079 1776 2146 assiduam
1824 2081 1996 2145 circa
2052 2100 2274 2144 eorum
2321 2076 2798 2143 observantiam

244 2190 618 2254 accuratius
665 2195 743 2276 et⁴⁸
776 2190 1151 2273 vigilantius
1200 2191 1330 2254 sint
1374 2189 1630 2269 attenti,
1677 2188 1974 2253 volumus
2006 2193 2072 2251 et
2102 2184 2468 2262 statuimuS,
2514 2189 2590 2248 ut
2630 2181 2798 2247 ordi-

242 2298 543 2362 nationes
584 2303 657 2361 'et
701 2302 952 2361 statuta
996 2302 1222 2362 nostra
1266 2295 1635 2361 huiusmodi
1683 2294 1763 2359 de
1810 2293 2005 2359 verbo
2038 2292 2122 2358 ad
2153 2291 2420 2356 verbum
2451 2290 2518 2354 in
2552 2289 2799 2355 cancel-

243 2404 409 2468 larie
441 2410 507 2469 et
535 2403 824 2487 predicte
861 2403 1189 2468 audientie
1236 2402 1602 2467 litterarum
1649 2407 2020 2466 nostrarum
2068 2399 2374 2482 regestris
2421 2417 2500 2463 ex
2547 2396 2798 2478 integro

244 2509 743 2575 conscribantur
774 2510 1077 2593 quodque
1110 2509 1380 2592 singulis
1414 2509 1604 2574 annis
1641 2508 1708 2572 in
1738 2506 2054 2572 Kalendis
2089 2504 2389 2587 Octobris
2440 2502 2542 2569 vel
2588 2503 2800 2587 prima

243 2619 545 2700 sequenti
577 2617 904 2682 audientie
937 2616 1059 2697 die,
1094 2617 1147 2680 si
1179 2616 1417 2681 festum
1449 2615 1645 2680 fuerit
1675 2614 1779 2680 die
1809 2613 2254 2679 Kalendarum
2284 2612 2595 2695 ipsarum,
2630 2608 2797 2674 ordi-

239 2725 544 2791 nationes
606 2731 672 2788 et
734 2730 980 2789 statuta
1040 2722 1408 2788 huiusmodi
1473 2721 1774 2805 legantur
1836 2721 2208 2787 solemniter
2257 2724 2283 2803 ΙΙ
2332 2720 2399 2782 in
2464 2716 2796 2783 audientia

240 2831 570 2916 prelibata
592 2881 607 2912 ,
665 2836 733 2895 et
775 2830 948 2914 quod
987 2828 1263 2912 quilibet
1316 2829 1686 2895 auditorum
1726 2836 1792 2895 et
1837 2827 2239 2894 notariorum
2276 2827 2567 2909 ipsorum
2603 2845 2800 2909 penes

243 2960 318 3003 se
354 2939 607 3022 copiam
645 2942 982 3002 conservet
1017 2943 1084 3002 et
1126 2937 1370 3002 habeat
1414 2934 1806 3002 eorumdem.
1891 2933 2067 2999 Nulli
2106 2954 2259 3017 ergo
2298 2933 2556 2999 omnino
2595 2930 2797 2996 homi-

239 3067 400 3110 num
443 3044 642 3110 liceat
684 3051 806 3110 etc.

519 3257 1118 3323 Reservationes
1200 3256 1701 3340 quorumdam
1754 3239 2317 3320 ⁴benefitiorum
2390 3253 2594 3318 facte
2670 3271 2801 3335 per

482 3439 492 3444 ‚
607 3366 987 3431 dominum
1051 3348 1468 3429 Iohannem
1528 3367 1554 3447 ΙΙ
1612 3362 2056 3428 vicesimum
2123 3358 2536 3425 secundum
2603 3380 2801 3423 anno

608 3473 723 3537 sui
770 3471 1282 3556 pontificatus
1329 3471 1593 3553 primo.

428 3615 618 3679 Anno
667 3615 909 3680 domini
954 3613 1297 3683 millesimo
1343 3612 1795 3678 trecentesimo
1835 3617 2015 3676 sexto
2054 3611 2323 3692 decime,
2373 3609 2619 3674 decimo
2657 3629 2799 3692 sep-

246 3723 409 3788 timo
456 3721 603 3787 Kal.
654 3720 956 3787 Octobris
1002 3719 1307 3803 Lugduni
1352 3719 1799 3809 sanctissimus
1844 3719 1911 3782 in
1958 3716 2216 3782 Christo
2260 3721 2449 3800 pater
2504 3714 2801 3780 dominus

248 3829 575 3894 Iohannes
619 3850 792 3913 papa
835 3826 1058 3892 XXII.
1098 3826 1513 3911 pontificatus
1561 3826 1664 3890 sui
1710 3845 1879 3889 anno
1925 3824 2133 3908 primo
2178 3823 2534 3889 reservavit
2578 3842 2693 3887 sue
2739 3828 2806 3887 et

251 3935 426 4001 sedis
443 3936 465 3974 ¹
503 3936 856 4020 apostolice
895 3934 1233 4000 collacioni
1271 3935 1487 3999 omnia
1523 3930 1841 3997 beneficia
1877 3931 2345 4011 ecclesiastica,
2391 3950 2519 4012 que
2563 3928 2805 3993 fuerint

251 4049 319 4109 et
363 4063 771 4126 quocumque
816 4043 1074 4108 nomine
1122 4045 1536 4121 censeantur,
1584 4038 1977 4120 ubicumque
2024 4058 2102 4102 ea
2148 4056 2378 4101 vacare
2424 4035 2805 4118 contigerit2

251 4156 520 4235 propter
573 4150 1082 4233 acceptationem
1145 4147 1412 4212 alterius
1467 4145 1751 4228 benefitij
1810 4149 2110 4229 pretextu
2167 4144 2383 4226 gracie
2437 4139 2524 4207 ab
2578 4141 2804 4209 eodem

253 4257 511 4322 domino
558 4255 727 4321 facte
757 4256 857 4320 vel
889 4253 1182 4320 faciende
1214 4254 1551 4337 acceptati,
1599 4250 1924 4333 michique
1960 4250 2376 4337 Gau[celino]
2414 4249 2814 4315 vicecancel-'

251 4364 417 4430 lario
466 4385 582 4428 suo
627 4363 918 4447 precepit
970 4364 1037 4426 in
1101 4361 1437 4445 presencia
1500 4359 1796 4441 magistri
1859 4357 1934 4424 P.
1991 4356 2222 4439 Fabri,
2297 4355 2470 4439 quod
2534 4355 2658 4421 hoo
2721 4355 2805 4420 ad

254 4471 635 4537 memoriam
679 4469 1038 4553 redigerem
1086 4469 1154 4533 in
1200 4468 1607 4552 scripturam.

437 4669 456 4701 ¹
493 4666 753 4731 Hdschr.:
791 4666 925 4730 sedi,
1071 4665 1093 4701 ²
1128 4664 1320 4743 Urspr.
1357 4664 1702 4735 contingerit.
1776 4681 1815 4723 ιι
1851 4660 2024 4724 durch
2061 4661 2241 4720 Rasur
2275 4658 2534 4721 aufferat.
2650 4650 2655 4655 ’

2855 2726 2974 2781 Fol.
2996 2726 3114 2780 86¹³.
