3242 5184
186 2987 303 3042 Fol.
345 2993 410 3040 34
424 2996 461 3041 ⁸.

1575 282 2001 345 -62-

503 459 866 526 interficere
914 478 1029 522 seu
1073 458 1446 523 violentiam
1485 459 1726 524 audeat
1772 478 2070 523 exercere
2084 456 2127 522 ¹.
2239 456 2548 522 Preterea
2604 478 2826 522 omnes
2873 456 3089 522 liber-

502 572 672 631 tates
711 573 777 631 et
811 565 1273 645 immunitates,
1310 585 1472 647 quas
1512 566 1904 630 monasterio
1935 569 2148 629 vestro
2178 563 2569 629 venerabilis
2608 562 2814 628 frater
2844 568 3088 643 noster

502 671 591 737 M.
648 672 1011 737 Esculanus
1073 671 1412 755 episcopus
1482 670 1561 736 de
1628 671 1897 755 capituli
1963 671 2065 736 sui
2119 692 2392 736 assensu
2445 669 2792 735 indulsisse
2851 669 3088 735 dinos-

504 781 690 861 citur,
749 780 918 844 sicut
975 780 1042 843 in
1098 780 1190 844 eis
1246 778 1483 842 litteris
1529 778 1782 861 plenius
1831 779 2218 860 continetur,
2268 778 2658 843 auctoritate
2705 776 3089 860 apostolica

503 885 957 951 confirmamus
1018 892 1085 951 61
1116 886 1462 969 presentis
1527 885 1753 968 scripti
1815 884 2151 967 privilegio
2217 885 2704 949 communimus
2814 883 3087 949 Tenore

503 984 720 1058 autem
766 994 1133 1058 litterarum
1181 998 1300 1058 etc.
1394 992 1820 1057 Decernimus
1869 1012 2019 1074 ergo
2067 997 2188 1056 etc.
2238 1012 2445 1074 usque
2491 993 2559 1056 in
2604 990 2820 1057 finem.

770 1224 1148 1307 Magistro
1195 1224 1564 1306 religiose
1601 1223 1893 1288 milicie
1943 1222 2243 1306 templi,
2282 1223 2300 1311 Η
2339 1223 2537 1306 quod
2583 1222 3083 1288 Ierosolimis

860 1333 1087 1395 situm
1135 1337 1286 1413 est,
1336 1331 1658 1412 eiusque
1698 1329 2074 1394 fratribus
2106 1335 2259 1394 tam
2294 1329 2792 1413 presentibus
2842 1350 3081 1411 quam

857 1437 1149 1503 futuris
1194 1438 1783 1521 imperpetuum.

616 1584 620 1589 ⁹
683 1597 987 1684 [O]mne3
1033 1598 1258 1662 datum
1304 1598 1620 1681 optimum
1669 1602 1736 1661 et
1782 1618 1969 1661 omne
2002 1596 2282 1662 donum⁸
2316 1596 2675 1681 perfectum
2723 1595 3080 1661 desursum

504 1710 605 1769 est
686 1705 765 1769 de
777 1704 1146 1791 [scendens]
1231 1727 1271 1769 a
1350 1706 1603 1791 pa[tre]
1687 1703 1757 1766 lu
1770 1704 2112 1789 [minum]‚
2208 1703 2382 1786 apud
2477 1724 2670 1786 quem
2752 1724 2879 1767 non
2973 1709 3082 1767 est

500 1812 1027 1897 tr[ansmutatio]
1104 1832 1223 1876 1166
1294 1809 1829 1897 11[61661111(111116]
1905 1810 2334 1875 obumbratio,
2443 1808 2756 1890 Proinde,
2840 1808 3082 1873 dilecti

502 1918 569 1980 in
652 1916 907 1982 Christo
990 1917 1143 2001 filij,
1236 1918 1319 1983 ad
1402 1916 1733 2000 exemplar
1814 1914 2020 1980 felicis
2101 1916 2576 1982 recordacionis
2649 1915 3080 1998 predecesso-

502 2045 647 2088 rum
718 2029 1088 2089 nostrorum
1152 2023 1537 2105 Alexandri,
1617 2021 1844 2105 Lucij,
1919 2022 2171 2088 Urbani
2252 2029 2319 2087 et
2390 2022 2741 2088 Clementis
2822 2022 3082 2087 Roma-

503 2152 732 2195 norum
804 2130 1183 2213 pontificum
1261 2131 1339 2196 de
1417 2130 1600 2196 vobis
1676 2135 1741 2193 et
1815 2150 1932 2211 pro
2006 2128 2188 2194 vobis
2279 2130 2785 2212 omnipotentem
2860 2129 3082 2193 domi-

502 2258 672 2300 num·
722 2235 1193 2319 collaudamuS,
1262 2238 1568 2319 quoniam
1633 2237 1701 2299 in
1766 2235 2063 2300 universo
2125 2234 2365 2300 mundo
2428 2240 2646 2300 vestra
2710 2236 2932 2318 religio
3012 2243 3085 2300 et

502 2342 869 2407 veneranda
929 2343 1261 2409 institucio
1319 2345 1687 2409 nunciatur.
1783 2340 1944 2405 Cum
1999 2342 2170 2406 enim
2227 2348 2462 2406 natura
2508 2343 2736 2407 essetis
2781 2342 2895 2425 filij
2947 2343 3079 2426 ire,

504 2471 672 2514 nunc
724 2470 843 2532 per
899 2451 1298 2532 aspirantem
1358 2449 1645 2532 graciam
1701 2447 2012 2531 evangelij
2075 2470 2204 2513 non
2251 2449 2430 2514 surdi
2476 2448 2806 2514 auditores
2853 2447 3085 2514 effect-i

501 2557 746 2621 relictis
793 2556 1046 2640 pompis
1080 2557 1477 2622 secularibus
1511 2561 1577 2620 et
1621 2554 1816 2619 rebus
1862 2555 2164 2638 proprijS,
2215 2555 2483 2620 dimissa
2531 2556 2728 2620 etiam
2777 2556 3084 2638 spatiosa

503 2664 626 2745 via,
677 2684 800 2745 que
833 2663 1012 2726 ducit
1043 2663 1124 2727 ad
1158 2668 1453 2745 mortem,
1503 2668 1722 2726 artum
1751 2662 1897 2743 iter,
1932 2660 2104 2743 quod
2139 2661 2318 2726 ducit
2349 2662 2431 2726 ad
2464 2663 2685 2743 vitam,
2735 2661 3083 2727 humiliter

505 2768 790 2851 elegistis
837 2774 1033 2851 atque
1081 2769 1164 2834 ad
1212 2767 1701 2849 ostendendum,
1750 2767 1925 2849 quod
1960 2769 2027 2831 in
2061 2767 2165 2833 dei
2210 2769 2446 2833 militia
2484 2767 2853 2852 specialiter
2890 2790 3076 2833 com-

502 2875 835 2959 putemini,
894 2876 1148 2957 signum
1201 2876 1449 2941 vivifice
1507 2874 1716 2938 crucis
1770 2875 1838 2937 in
1893 2881 2108 2939 vestro
2163 2880 2425 2958 pectore
2485 2874 2745 2939 assidue
2792 2875 3078 2940 circum-

501 2980 704 3045 fertis,
798 2980 1073 3047 Accedit
1127 2982 1209 3047 ad
1256 2982 1398 3064 hoc,
1447 2980 1620 3064 quod
1684 2986 2019 3063 tamquam
2078 2983 2201 3045 viri
2271 2981 2616 3046 Israhelite
2653 2981 2671 3069 {3
2709 2987 2905 3064 atque
2969 2983 3079 3047 in-

504 3087 915 3151 structissimi
968 3088 1167 3152 divini
1226 3088 1416 3172 prelii
1462 3087 1811 3152 bellatores
1873 3110 2022 3152 1616
2087 3089 2381 3153 caritatis
2445 3088 2708 3153 flamma
2773 3090 3074 3153 succensi

504 3193 746 3259 dictum
785 3195 1226 3277 evangelicum
1258 3196 1562 3279 operibus
1596 3194 1995 3277 adimpletis,
2045 3217 2173 3278 quo
2221 3195 2484 3260 dicitur:
2537 3193 2895 3277 „Maiorem
2940 3194 3073 3259 hac

505 3300 912 3366 dilectionem
974 3316 1163 3367 nemo
1209 3302 1427 3384 habet,
1495 3324 1692 3385 quam
1755 3307 1830 3367 ut
1885 3303 2168 3366 animam
2224 3323 2408 3367 suam
2470 3306 2673 3384 ponat
2735 3302 2881 3383 quis
2946 3324 3070 3385 pro

503 3409 728 3473 amicis
777 3409 974 3473 suis“.
1041 3408 1228 3474 Unde
1262 3431 1407 3473 cum
1438 3410 1620 3473 iuxta
1654 3409 1888 3473 summi
1920 3409 2199 3492 pastoris
2246 3430 2469 3473 vocem
2516 3409 2765 3475 animas
2812 3414 3070 3473 vestras

501 3537 618 3598 pro
673 3514 986 3580 fratribus
1040 3536 1280 3597 ponere
1327 3517 1633 3599 ipsosque
1690 3514 1773 3580 ab
1831 3515 2197 3579 incursibus
2257 3537 2660 3598 paganorum
2725 3513 3069 3580 defensare

501 3623 766 3686 minime
793 3621 1154 3686 formidetis
1185 3623 1305 3707 [et]
1336 3643 1483 3686 cum
1509 3623 1771 3687 nomine
1800 3622 2192 3686 censeamini
2220 3622 2459 3686 milites
2491 3620 2793 3708 [templi],
2826 3622 3066 3686 consti-

500 3729 627 3792 tuti
676 3729 833 3792 estis
889 3749 929 3791 a
978 3727 1235 3793 domino
1286 3727 1555 3792 ecclesie
1607 3728 1923 3793 catholice
1974 3727 2344 3793 defensores
2408 3734 2473 3793 et
2532 3729 3065 3811 impungnatores

501 3834 785 3900 hostium
806 3835 1015 3898 crucis
1032 3833 1291 3898 Christi.
1331 3833 1518 3899 Licet
1534 3841 1753 3899 autem
1766 3839 2054 3899 vestrum
2075 3834 2359 3899 studium
2379 3841 2445 3900 et
2458 3833 2784 3900 laudenda
2798 3834 3066 3901 devocio

502 3942 568 4005 in
597 3946 732 4006 tam
763 3963 946 4007 sacro
978 3962 1170 4024 opere
1200 3947 1338 4006 1010
1367 3941 1557 4006 601(16
1587 3947 1856 4025 totaque
1884 3947 2097 4005 mente
2133 3941 2431 4024 desudet,
2471 3941 2925 4006 nichilominus
2965 3948 3064 4007 ta-

502 4070 649 4112 men
669 4048 1160 4113 universitatem
1190 4053 1474 4112 vestram
1507 4048 1923 4113 exhortamur
1952 4049 2021 4112 in
2041 4047 2299 4113 domino
2333 4054 2530 4130 atque
2560 4049 2628 4111 in
2646 4052 3064 4131 peccatorum

501 4155 950 4220 remissionem
997 4155 1387 4220 auctoritate
1426 4154 1529 4219 dei
1561 4162 1628 4219 et
1672 4155 1850 4219 beati
1882 4154 2063 4219 Petri
2109 4154 2549 4239 apostolorum
2579 4155 2894 4238 principis
2925 4160 3064 4219 tam

503 4262 685 4326 vobis
732 4283 929 4344 quam
979 4261 1407 4326 servientibus
1454 4262 1687 4326 vestris
1733 4262 2149 4344 iniungimus,
2198 4267 2271 4325 ut
2316 4283 2433 4344 pro
2464 4260 2708 4326 tuenda
2741 4261 3063 4327 catholica

683 4477 701 4508 ¹
740 4475 899 4533 Nach
944 4493 1193 4531 exercere
1238 4478 1329 4531 ein
1364 4481 1510 4531 rotes
1547 4475 1798 4530 Zeichen.
1873 4476 1954 4529 Ζ11
1999 4475 2317 4531 demselben
2362 4475 2597 4530 Zeichen
2634 4493 2726 4529 am
2760 4474 2956 4530 Raude
3002 4477 3062 4528 in

502 4571 648 4620 roter
684 4552 911 4620 Schiift:
962 4565 1088 4620 Non
1135 4567 1241 4617 nisi
1287 4566 1566 4633 exemptis.
1786 4564 1808 4595 ²
1842 4563 1951 4618 Die
1996 4564 2220 4619 Initiale
2269 4563 2346 4634 O,
2397 4564 2490 4617 fiir
2524 4563 2732 4620 welche
2767 4564 2926 4619 Platz
2961 4563 3066 4618 auf

506 4655 624 4709 (1161
662 4655 849 4709 Ζ611611
885 4654 1136 4724 gelassen
1173 4673 1304 4723 war,
1342 4656 1414 4707 ist
1451 4671 1744 4723 vergessen
1780 4654 2020 4708 worden.
2250 4653 2270 4689 ³
2306 4653 2616 4708 Handschr.
2655 4653 2862 4707 (10111111.
