3242 5184
1487 327 1573 333 —
1666 289 1795 350 230
1889 328 1973 333 m·-

451 462 865 543 sentenciam,
923 463 978 526 si
1032 462 1402 528 huiusmodi
1450 463 1727 545 spolium
1773 486 1902 530 non
1947 444 2143 528 fuerit
2185 464 2470 547 legitime
2524 463 2878 546 probatum,
2921 472 2987 529 ut

448 568 799 652 prefertur,
859 569 1152 635 absolvet
1208 570 1290 634 ab
1338 571 1747 655 impeticione
1793 572 1996 655 ipsius
2044 571 2496 655 suspendentis
2533 570 2733 653 iHum,
2781 578 2988 636 contra

449 697 643 759 quem
686 676 1056 743 huiusmodi
1101 676 1226 741 fuit
1270 698 1675 761 suspensum,
1736 683 1801 742 et
1849 679 1904 743 si
1950 699 2078 742 non
2125 676 2321 742 fuerit
2366 677 2760 761 appellatum
2804 700 2842 742 a
2882 678 2989 742 tali

449 783 799 865 sentencia,
847 789 1135 849 resumet
1178 784 1551 867 petitorium
1606 784 1779 849 idem
1835 786 2095 849 auditor
2141 786 2278 849 sine
2325 806 2492 848 nova
2537 785 2987 865 commissione,

449 890 658 955 altera
709 891 996 975 ipsarum
1057 891 1456 974 litigancium
1520 893 1814 975 parcium
1878 891 2040 956 illud
2102 897 2391 975 petente,
2459 896 2526 956 et
2586 892 2654 955 in
2716 890 2824 955 illo
2879 912 2990 954 seu

447 998 515 1060 in
579 1003 855 1078 utroque
927 997 1239 1081 procedat
1315 998 1399 1062 ad
1465 999 1863 1063 sentenciam
1941 997 2348 1062 diffinitivam
2411 997 2872 1080 promulgando
2931 998 2989 1059 in

449 1101 674 1175 forma.

715 1317 823 1383 De
868 1319 1404 1402 resumpcione
1449 1319 1827 1403 petitorij.

626 1460 694 1527 Si
758 1482 907 1525 vero
973 1460 1341 1526 huiusmodi
1408 1463 1740 1526 sentencia
1803 1463 1870 1525 in
1932 1463 2332 1546 possessorio
2397 1461 2551 1541 lata,
2620 1481 2661 1524 a
2716 1481 2842 1541 qua
2884 1458 2995 1521 suit

449 1567 873 1652 appellatum,
932 1567 1423 1632 confirmaretur
1475 1590 1592 1652 per
1648 1576 2024 1652 sequentem
2090 1574 2204 1633 aut
2257 1573 2603 1650 sequentes
2659 1567 2995 1646 auditoreS,

447 1675 693 1757 primus
741 1674 1017 1756 auditor,
1067 1675 1179 1758 qui
1223 1674 1592 1741 huiusmodi
1645 1677 2040 1741 sentenciam
2086 1677 2153 1739 in
2199 1676 2599 1760 possessorio
2645 1673 2825 1754 tulit,
2871 1673 2996 1736 sine

448 1803 615 1845 nova
678 1782 1129 1846 commissione
1194 1782 1277 1846 ad
1333 1783 1672 1847 ambarum
1728 1785 2018 1865 parcium
2073 1782 2140 1846 id
2188 1783 2592 1848 concorditer
2646 1780 2996 1865 petencium

448 1893 562 1952 aut
608 1887 689 1952 ad
736 1887 932 1970 illius,
981 1888 1063 1952 ad
1112 1890 1293 1952 cuius
1339 1889 1726 1953 instanciam
1774 1890 2141 1954 huiusmodi
2175 1892 2505 1954 sentencia
2537 1910 2651 1953 seu
2685 1885 2998 1952 sentencie

446 1996 514 2058 in
577 1995 977 2078 possessorio
1042 2001 1193 2059 sunt
1257 1996 1405 2077 late,
1473 1996 1791 2061 duntaxat
1854 1998 2298 2083 [instanciam]
2355 2002 2641 2061 resumet
2697 2002 2764 2060 et
2814 1996 2878 2057 in
2931 2013 2999 2055 eo

446 2101 774 2184 procedet,
823 2106 897 2166 ut
941 2123 1140 2186 supra
1184 2106 1495 2186 proxime.

719 2354 779 2434 ΙΙ1
824 2350 932 2414 De
979 2373 1124 2415 non
1172 2353 1705 2434 resumpcione
1753 2353 2109 2436 petitorij
2162 2359 2237 2418 et
2282 2358 2934 2443 attemptatorum.

625 2491 792 2555 Item
811 2499 994 2557 nota:
1035 2492 1105 2557 Si
1135 2495 1213 2574 is,
1248 2499 1475 2558 contra
1505 2515 1698 2577 quem
1730 2494 2097 2559 huiusmodi
2129 2496 2452 2560 sentencie
2484 2496 2551 2558 in
2582 2493 3005 2579 possess01·io2

448 2596 578 2661 late
623 2598 882 2681 fuerint,
932 2606 1158 2665 contra
1201 2601 1570 2666 huiusmodi
1616 2603 1978 2666 sentencias
2027 2604 2324 2687 excipiat,
2374 2603 2544 2684 quod
2592 2603 2689 2665 rei
2735 2600 3005 2664 iudicate

446 2705 738 2786 parcium
761 2727 891 2769 non
921 2706 1161 2772 fuerint
1179 2708 1262 2772 ab
1284 2708 1576 2772 auditore
1606 2710 2117 2791 resumpcionem
2149 2710 2430 2794 petitorij
2465 2708 2605 2773 fieri
2635 2706 3008 2792 petentium,

447 2810 817 2876 nullatenus
881 2813 1137 2878 auditor
1189 2814 1558 2879 huiusmodi
1609 2815 1984 2897 petitorium
2039 2824 2345 2898 resumat,
2400 2817 2525 2879 nisi
2580 2815 2804 2880 forsan
2850 2833 3011 2897 papa

448 2917 806 3000 mandaret,
855 2920 1028 3001 quod
1074 2928 1336 3004 recepta
1382 2922 1689 2985 caucione
1735 2921 2049 2987 iuratoria
2094 2945 2208 2988 seu
2256 2923 2405 3004 alia,
2453 2944 2648 3005 quam
2697 2923 2860 3005 ipse,
2907 2919 3011 3001 qui

448 3022 816 3088 huiusmodi
854 3029 1218 3093 sentencias
1251 3034 1477 3093 contra
1509 3048 1577 3091 se
1624 3030 1997 3111 reportavit,
2045 3032 2287 3113 poterit
2333 3030 2508 3111 dare,
2559 3036 2625 3093 et
2654 3035 2813 3093 tunc
2846 3026 3007 3090 idem

455 3130 712 3195 auditor
741 3134 1115 3214 petitorium
1146 3142 1437 3200 resumat
1465 3135 1645 3218 prius
1694 3135 1931 3200 auditis
1977 3137 2273 3221 partibus
2321 3135 2796 3201 altercantibus
2826 3152 3013 3215 super

449 3236 816 3303 huiusmodi
864 3243 1334 3324 commissione,
1386 3248 1450 3306 et
1504 3243 1857 3307 secundum
1904 3244 2078 3325 quod
2125 3243 2249 3307 sibi
2296 3243 2637 3324 videbitur,
2707 3241 3010 3306 caucione

450 3351 713 3428 recepta
758 3352 823 3410 et
867 3349 1170 3431 petitorio
1217 3355 1568 3433 resumptO,
1617 3351 1686 3413 in
1733 3371 1808 3415 eo
1854 3349 2181 3434 procedet,
2237 3357 2311 3414 ut
2356 3371 2570 3433 supra.
2665 3349 2832 3413 Post
2877 3367 3011 3412 sen-

449 3453 728 3516 tenciam
766 3454 996 3518 talem3
1025 3455 1227 3521 latam
1262 3456 1472 3521 simile
1505 3463 1800 3522 servatur
1830 3458 1898 3520 in
1930 3457 2259 3521 sentencia
2290 3479 2405 3521 seu
2437 3458 2790 3539 sentencijs
2825 3473 3014 3536 super

449 3560 853 3641 attemptatis
899 3561 1011 3626 lite
1057 3562 1376 3645 pendente
1421 3564 1594 3628 latis.
2397 3572 2400 3573 ⁷

716 3807 823 3872 De
880 3809 1432 3875 observacione
1491 3813 1989 3883 terminorum
2044 3813 2120 3876 in
2174 3813 2668 3895 possessorio
2716 3814 2803 3903 *in
2863 3831 3010 3874 om-

803 3906 1027 3980 nibus
1075 3918 1516 4002 instancijS.

625 4057 936 4123 Preterea
988 4060 1054 4122 in
1110 4060 1509 4142 possessorio
1563 4062 1629 4123 in
1686 4061 1980 4125 omnibus
2040 4062 2377 4145 instancijs
2424 4063 2682 4126 termini
2733 4061 2816 4125 de
2864 4059 3011 4123 stilo

446 4164 678 4247 palacij
729 4166 1003 4249 predicti
1052 4167 1296 4230 servari
1341 4169 1632 4231 consueti
1678 4168 1920 4232 directe
1967 4174 2332 4250 servantur,
2391 4176 2466 4233 ut
2519 4190 2663 4232 cum
2711 4166 3010 4252 petitorio

448 4277 515 4334 et
559 4273 958 4355 possessorio
1006 4273 1197 4363 simul
1243 4279 1358 4337 aut
1401 4275 1703 4356 petitorio
1750 4275 2068 4340 duntaxat
2112 4275 2483 4358 proceditur
2527 4277 2594 4339 in
2642 4296 2861 4338 causa.

631 4468 649 4499 ¹
688 4468 932 4539 Beginnt
967 4470 1174 4525 wieder
1209 4471 1299 4524 die
1336 4472 1528 4526 zweite
1565 4471 1750 4525 Hand.
1942 4472 1964 4504 ²
2000 4472 2158 4527 Nach
2194 4476 2529 4543 possessorio
2566 4475 2637 4526 ist
2668 4477 2804 4526 sunt
2840 4467 3008 4523 durch

452 4555 903 4613 Unterstreichen
938 4560 1152 4631 getilgt.
1423 4560 1445 4591 ⁸
1481 4560 1650 4614 talem
1697 4560 1836 4615 iiber
1881 4561 1980 4616 der
2024 4562 2172 4644 Zeile
2209 4563 2350 4616 iiber
2384 4565 2561 4616 einem
2600 4560 2774 4615 durch
2812 4559 3007 4614 Unter·

450 4645 779 4714 punktieren
815 4648 1084 4717 getilgten
1122 4655 1592 4719 attemptatorum.
