3242 5184
109 1245 226 1299 Fol.
272 1251 367 1299 114
384 1246 426 1301 ι’.

1495 309 1986 371 —214--

643 483 743 549 De
789 484 1007 549 XVII.
1058 484 1345 569 Ianuarij
1398 508 1572 551 anno
1629 485 2008 551 duodecimo
2066 485 2484 567 pontificatus
2532 484 2773 548 domini
2821 481 3020 548 Boni-

465 591 602 675 fatij
652 612 821 675 pape
852 591 1073 657 VIIII.
1108 592 1232 658 fuit
1275 599 1574 677 receptus
1620 595 1688 657 in
1735 592 2117 657 advocatum
2165 591 2676 656 consistorialem
2724 590 3027 656 dominus

463 698 850 765 Ambrosius
898 699 977 765 de
1024 699 1365 782 Vulterris‚
1414 700 1630 784 legum
1678 700 1920 782 doctor,
1969 698 2049 764 de
2104 698 2413 764 mandato
2459 698 2734 783 predicti
2781 697 3028 765 domini

462 828 631 890 pape
679 812 745 871 et
788 807 1027 872 iuravit
1070 808 1137 872 19
1184 808 1481 873 manibus
1528 809 1709 873 19919.
1803 807 1878 872 Β.
1919 806 2275 871 Francisci.

641 912 765 979 Die
785 912 976 979 XIII.
998 913 1146 1000 Iulij
1183 936 1352 981 anno
1372 914 1546 979 ΧΠο
1565 914 1979 998 pontificatus
2014 913 2257 979 domini
2276 913 2586 996 Bonifatij
2609 934 2778 996 pape
2797 911 3025 977 VIIII.

463 1020 586 1085 fuit
628 1027 927 1104 receptus
958 1023 1026 1085 in
1064 1022 1447 1088 advocatum
1486 1021 2000 1086 consistorialem
2033 1021 2330 1085 dominus
2362 1019 2668 1085 Nicolaus
2700 1021 2780 1086 de
2812 1019 3027 1101 SeniS‚

463 1126 688 1193 doctor
732 1128 1155 1211 decretorum,
1190 1135 1255 1194 et
1283 1130 1520 1194 iuravit
1550 1123 1832 1194 officium
1864 1130 1930 1192 in
1962 1127 2261 1192 manibus
2308 1128 2489 1192 111919.
2552 1127 2628 1192 Β.
2663 1127 3025 1192 Francisci.

647 1240 672 1320 ΙΙ
707 1236 831 1301 Ι)19
862 1235 1048 1301 XXI.
1083 1236 1464 1303 Decembris
1510 1234 1926 1319 pontificatus
1965 1235 2208 1300 domini
2238 1232 2546 1317 Bonifatij
2597 1256 2766 1318 pape
2797 1233 3025 1299 VIIII.

463 1364 634 1408 anno
706 1342 1188 1410 tertiodecimo¹
1261 1343 1385 1409 fuit
1453 1349 1753 1427 receptus
1825 1343 1893 1407 in
1966 1340 2328 1407 auditorem
2408 1341 2635 1424 palatij
2714 1342 3030 1424 magister

461 1449 784 1516 Iohannes
817 1449 1222 1532 Gatschowe,
1258 1451 1482 1517 doctor
1520 1449 1947 1530 decretorum,
2001 1454 2066 1514 et
2103 1450 2340 1513 iuravit
2378 1446 2660 1515 officium
2706 1448 2772 1512 in
2817 1450 3025 1512 mani-

461 1556 584 1621 bus
630 1558 810 1623 meis.
871 1557 981 1622 ’Β.
1029 1557 1385 1623 Francisci.

638 1662 762 1729 Die
792 1663 1016 1729 XXII.
1049 1664 1336 1748 Ianuarij
1387 1663 1804 1749 pontificatus
1850 1663 2092 1729 domini
2139 1662 2444 1747 Bonifatij
2496 1684 2664 1746 pape
2694 1661 2817 1727 IX.
2856 1684 3027 1727 anno

459 1770 903 1837 tertiodecimo
956 1770 1080 1836 fuit
1142 1777 1442 1856 receptus
1505 1772 1573 1835 in
1632 1771 1993 1836 auditorem
2050 1769 2272 1853 palatij
2326 1769 2665 1853 apostolici
2710 1770 3029 1852 magister

459 1877 884 1945 Iohannellus¹
908 1878 1277 1960 (1919991119,
1312 1878 1716 1944 decretorum
1750 1877 1992 1958 doctor,
2027 1883 2093 1942 et
2120 1878 2359 1941 iuravit
2390 1875 2671 1942 officium
2715 1878 2785 1941 in
2817 1877 3026 1942 mani-

321 1982 332 1992 ‘
461 1984 582 2050 bus
628 1985 809 2051 meis.
902 1985 978 2050 B.
1027 1985 1385 2051 Francisci.

635 2091 760 2157 Die
805 2091 1055 2158 XXVI.
1103 2090 1351 2176 Aprilis
1411 2091 1827 2176 pontificatus
1894 2092 2137 2158 domini
2201 2092 2509 2176 Bonifatij
2578 2114 2748 2176 pape
2794 2091 3025 2157 VIIII.

460 2221 631 2265 anno
695 2200 1141 2266 tertiodecimo
1157 2200 1180 2240 1
1245 2199 1369 2264 11111
1429 2207 1730 2282 receptus
1795 2201 1862 2264 111
1940 2198 2299 2265 auditorem
2375 2199 2600 2283 palatij
2681 2199 3027 2283 apostolici

459 2307 769 2388 magister
798 2305 1012 2371 Adam
1050 2306 1130 2371 de
1165 2306 1426 2389 Anglia,
1460 2306 1687 2372 doctor
1731 2308 2068 2390 utriusque
2113 2306 2293 2388 iuris,
2343 2313 2410 2372 et
2452 2307 2692 2371 iuravit
2737 2306 3026 2372 officium

459 2414 527 2478 in
573 2413 874 2479 manibus
921 2414 1103 2478 meis.
1182 2413 1257 2478 B.
1307 2412 1665 2478 Francisci.

636 2521 760 2586 Die
806 2518 1061 2586 XVIII.
1111 2520 1491 2586 Decembris
1536 2520 1955 2603 pontificatus
2003 2521 2247 2587 domini
2293 2520 2602 2604 Bonifatij
2653 2542 2824 2604 pape
2874 2519 3028 2586 ΙΧ.2

457 2626 582 2692 11111
642 2634 941 2712 receptus
1004 2629 1073 2691 in
1138 2628 1499 2693 auditorem
1562 2628 1787 2713 palatij
1855 2629 2194 2711 apostolici
2249 2630 2561 2711 magister
2605 2627 3026 2694 Hei-mannus

459 2732 732 2799 Dwerch
779 2739 847 2799 et
890 2735 1128 2798 iuravit
1171 2735 1239 2798 19
1285 2734 1586 2799 manibus
1633 2736 1795 2800 meis
1809 2740 1854 2800 ⁸.
1947 2728 2023 2801 B.
2072 2735 2424 2827 Francisci.

638 2840 762 2906 Die
806 2840 1031 2906 XXII.
1080 2840 1460 2907 Decembris
1516 2842 1931 2925 pontificatus
1988 2842 2230 2909 domini
2276 2843 2492 2929 snostri
2538 2843 2780 2908 domini
2828 2842 3024 2908 Boni-

459 2948 597 3033 fatij
647 2968 816 3032 pape
860 2947 1083 3012 VIIII.
1102 2954 1127 2993 ²
1171 2946 1294 3012 fuit
1337 2954 1639 3032 receptus
1683 2950 1752 3013 in
1799 2949 2160 3015 auditorem
2206 2971 2549 3015 causarum
2592 2949 2819 3034 palatij
2875 2970 3023 3033 apo-

460 3055 672 3121 stolici
719 3056 1031 3139 magister
1075 3054 1359 3120 Thomas
1406 3054 1487 3120 de
1519 3054 1804 3122 Cotrona
1849 3063 1916 3122 et
1957 3058 2198 3122 iuravit
2241 3079 2421 3124 more
2468 3057 2657 3123 solito
2704 3058 2772 3121 19
2818 3058 3025 3122 19991-

460 3162 580 3227 bus
626 3150 806 3228 meis.
900 3162 975 3227 B.
1024 3162 1381 3231 Francisci.

636 3267 760 3335 Die
805 3268 1030 3337 XXII.
1078 3268 1457 3336 Decembris
1503 3270 1917 3354 pontificatus
1965 3272 2208 3337 domini
2245 3270 2608 3355 Innocentij
2657 3292 2829 3355 pape
2877 3269 3023 3336 VH.

459 3398 628 3441 anno
692 3377 900 3459 primo
964 3376 1088 3441 11111
1146 3383 1447 3460 receptus
1503 3378 1570 3442 in
1627 3378 1989 3444 auditorem
2043 3377 2267 3462 palatij
2328 3379 2668 3461 apostolici
2725 3377 3024 3444 dominus

459 3482 742 3548 Thomas
797 3484 878 3548 de
932 3483 1209 3565 Amelia‚
1264 3485 1603 3567 utriusque
1659 3485 1817 3550 iuris
1874 3485 2119 3567 doctor,
2178 3491 2245 3551 et
2305 3486 2545 3551 iuravit
2608 3483 2897 3551 officium
2958 3486 3021 3549 in

459 3590 757 3656 manibus
804 3591 985 3655 meis.
1053 3590 1130 3655 B.
1171 3590 1524 3657 Francisci.

637 3695 761 3762 Die
807 3695 1127 3762 XXVIII.
1180 3698 1398 3782 Martij
1468 3698 1886 3783 pontificatus
1951 3699 2194 3764 domini
2257 3699 2463 3764 nostri
2527 3698 2773 3764 domini
2828 3698 3016 3763 Inno-

461 3805 652 3890 centij
703 3826 872 3888 pape
904 3803 1054 3869 VII.
1102 3805 1226 3870 fuit
1269 3811 1569 3889 receptus
1615 3808 1685 3870 in
1732 3808 2056 3873 notarium
2103 3807 2274 3871 sedis
2322 3807 2674 3891 apostolice
2721 3804 3013 3871 dominus

460 3912 674 3978 Guido
722 3910 803 3976 de
842 3911 1154 3996 Gonzaga
1200 3919 1267 3978 et
1311 3914 1547 3978 iuravit
1592 3913 1837 3978 dictum
1886 3900 2168 3978 officium
2214 3934 2392 3979 more
2438 3913 2628 3979 solito
2683 3914 2752 3978 in
2814 3912 3011 3978 19991-

461 4019 581 4085 bus
626 4019 810 4084 meis.
905 4018 981 4085 B.
1031 4018 1386 4085 Francisci.
2875 4042 2878 4045 ·

638 4216 658 4249 ¹
693 4233 841 4272 91199
877 4218 1268 4273 tertiodecimo
1292 4217 1808 4289 {ibergeschriebem
2012 4218 2035 4251 ²
2070 4218 2235 4274 Fehlt
2269 4219 2361 4273 die
2395 4218 2634 4289 Aug-abe
2669 4219 2764 4272 des
2798 4215 3003 4272 Jahroe.

459 4306 482 4339 ⁸
517 4294 1040 4380 Ubergesehrieben.

3220 2576 3222 2713 l
