3242 5184
1560 306 2002 368 -50ffl

513 483 877 548 communia
922 483 1124 566 ipsius
1172 481 1415 546 ordinis
1461 481 1761 546 instituta
1806 479 2212 563 privilegium
2259 477 2521 561 aliquod
2576 478 2905 561 postulare
2970 478 3076 542 vel

513 590 848 655 obtentum
887 589 1127 654 audeat
1164 587 1647 672 quomodolibet
1682 588 1981 653 retinere.
2055 586 2252 651 Nulla
2290 585 2486 650 etiam
2525 585 2948 651 ecclesiarum
2991 586 3073 665 ei,

514 717 712 779 quam
762 696 1005 780 genuit,
1062 695 1421 778 quamlibet
1474 695 1718 760 terreni
1772 693 2090 759 commodi
2137 693 2538 758 exactionem
2588 693 2901 775 imponat,
2956 691 3077 756 sed

512 808 765 868 tantum
795 808 983 887 pater
1013 801 1216 867 abbas
1250 823 1473 866 curam
1506 801 1585 866 de
1627 800 1921 885 profectu
1951 806 2088 865 tam
2118 799 2233 882 filij
2271 798 2531 864 abbatis
2564 821 2759 882 quam
2791 798 3076 862 fratrum

513 910 740 975 domus
761 909 937 974 illius
955 908 1216 991 habeat,
1238 915 1305 974 et
1330 914 1721 991 potestatem
1736 908 1981 973 habeat
1999 906 2351 973 secundum
2371 906 2661 972 ordinem
2680 904 3074 988 corrigendi,

515 1038 639 1100 que
684 1017 753 1080 in
800 1037 878 1080 ea
914 1017 1163 1082 noverit
1201 1016 1658 1101 [corrigenda],
1707 1022 1774 1080 et
1816 1015 1915 1079 illi
1952 1016 2011 1079 ei
2047 1020 2382 1097 tamquam
2421 1015 2593 1097 patri
2639 1013 3075 1078 reverentiam

514 1123 777 1188 filialem
814 1122 1145 1187 humiliter
1182 1122 1546 1187 exhibeant.
1603 1121 1832 1187 Abbas
1862 1128 2080 1187 autem
2111 1122 2737 1187 Premonstratensis
2774 1120 3072 1201 ecclesie,

515 1251 641 1313 que
678 1236 888 1294 mater
925 1250 1065 1294 esse
1105 1229 1460 1294 dinoscitur
1497 1229 1792 1311 aliarum,
1839 1251 1969 1294 non
2020 1230 2227 1294 solum
2268 1230 2336 1292 in
2372 1228 2498 1313 hijs
2531 1228 2774 1315 [eclesij
2784 1230 2863 1313 s],
2905 1247 3075 1309 quas

515 1337 818 1418 instituit,
869 1334 981 1400 sed
1028 1336 1225 1400 etiam
1255 1337 1323 1399 in
1355 1336 1652 1401 omnibus
1686 1335 1832 1419 alijs
1865 1336 2155 1401 eiusdem
2187 1335 2429 1400 ordinis
2477 1342 2543 1401 et
2588 1336 2980 1418 dignitatem
3013 1339 3076 1397 et

516 1443 791 1508 offitium
822 1442 1028 1525 patris
1061 1443 1371 1525 obtineat,
1408 1448 1474 1506 et
1510 1443 1569 1507 ei
1601 1441 1685 1507 ab
1718 1442 2036 1525 omnibuS,
2070 1449 2207 1507 tam
2238 1442 2589 1508 abbatibus
2623 1464 2821 1526 quam
2851 1440 3074 1505 fratri·

515 1549 658 1631 bus,
698 1549 920 1614 debita
961 1551 1349 1636 [tamquam]
1388 1551 1561 1633 patri
1594 1549 1966 1615 obedientia
1995 1549 2425 1633 impendatur.
2502 1550 2817 1614 Preterea
2845 1568 3072 1613 omnes

517 1656 789 1721 abbates
836 1655 1079 1720 ordinis
1111 1657 1311 1720 vestri
1357 1657 1627 1739 singulis
1659 1657 1844 1721 annis
1893 1656 1975 1721 ad
2020 1657 2320 1740 generale
2367 1656 2724 1741 capitulum
2758 1656 3072 1720 Premon-

518 1768 839 1827 stratense
885 1763 1250 1845 postposita
1304 1763 1479 1827 omni
1532 1763 1870 1828 occasione
1918 1765 2329 1845 conveniant,
2380 1763 2510 1827 illis
2558 1763 2711 1828 solis
2758 1762 3070 1845 exceptiS,

519 1891 679 1952 quos
713 1891 753 1933 a
781 1869 1005 1934 labore
1036 1871 1136 1934 vie
1169 1870 1458 1952 corporis
1490 1869 1919 1934 retardaverit
1948 1869 2312 1952 infirmitas,
2355 1871 2467 1953 qui
2497 1876 2716 1935 tamen
2748 1868 3074 1952 ydoneum

518 1997 635 2059 pro
676 1996 744 2040 se
784 1975 1081 2058 delegare
1120 1975 1447 2040 debebunt
1478 1977 1797 2059 nuntium,
1836 1997 1952 2060 per
1983 1978 2212 2058 quem1
2250 1977 2605 2042 necessitas
2638 1982 2704 2041 et
2734 1976 2939 2040 causa
2975 1996 3071 2038 re-

519 2083 897 2147 morationis
936 2104 1049 2148 sue
1097 2084 1380 2166 capitulo
1426 2083 1689 2148 valeant
1724 2084 2037 2148 nunciari.
2116 2084 2224 2166 Hij
2269 2089 2505 2167 autem,
2555 2085 2668 2166 qui
2704 2084 2771 2146 in
2809 2081 3072 2147 remoti-

520 2189 741 2254 oribus
799 2190 1094 2271 partibus
1147 2189 1520 2256 habitantes
1578 2192 1716 2254 sine
1771 2192 1952 2274 gravi
2009 2189 2393 2255 difficultate
2451 2190 2718 2273 singulis
2765 2190 2959 2254 annis
3007 2208 3073 2250 se

202 2314 321 2369 Fol,
361 2316 427 2367 27
439 2311 479 2365 b,
516 2296 924 2378 nequiverint
952 2296 970 2385 Ιξ
1001 2296 1325 2379 capitulo²
1372 2304 1780 2380 presentare,
1826 2299 1894 2361 in
1949 2319 2025 2362 eo
2069 2298 2345 2361 termino
2392 2297 2804 2378 conveniant,
2855 2297 2971 2378 qui
3010 2295 3072 2358 in

517 2403 659 2485 ipso
706 2403 800 2466 eis
847 2402 1130 2486 capitulo
1187 2402 1384 2467 fuerit
1428 2405 1840 2469 constitutus.
1934 2403 2005 2469 Si
2058 2425 2210 2469 vero
2258 2404 2533 2486 quilibet
2588 2404 2900 2468 abbatum
2965 2406 3073 2467 aut

521 2510 994 2593 prepositorum
1041 2532 1158 2593 per
1204 2512 1677 2575 contumaciam
1723 2517 2008 2576 vestrum
2056 2512 2412 2594 capitulum
2458 2510 2870 2594 frequentare
2903 2509 3071 2574 desi-

520 2617 719 2698 erint,
777 2615 973 2681 liceat
1018 2616 1244 2681 abbati
1289 2617 1881 2683 Premonstratensi
1928 2618 2197 2683 consilio
2245 2620 2343 2682 sui
2392 2617 2662 2702 capituli
2708 2639 2818 2683 eos
2863 2635 3071 2699 usque

520 2722 604 2787 ad
629 2723 893 2805 dignam
927 2723 1444 2788 satisfaccionem
1477 2726 1809 2790 sentencia
1838 2726 2189 2809 percellere
2220 2725 2523 2808 regulari,
2556 2730 2623 2788 et
2654 2724 3070 2801 sentenciam,

521 2852 718 2912 quam
748 2828 1040 2913 prefatus
1072 2830 1697 2896 Premonstratensis
1739 2831 1965 2914 abbas,
2017 2833 2147 2896 sive
2184 2833 2252 2896 in
2289 2831 2577 2914 generali
2614 2830 2899 2914 capitulo
2940 2831 3071 2894 sive

521 2942 706 3001 extra
752 2937 1141 3020 capitulum,
1190 2938 1458 3002 consilio
1505 2938 1896 3003 coabbatum
1951 2940 2017 3002 in
2073 2939 2357 3021 prelatos
2415 2944 2481 3003 et
2526 2938 2822 3003 subditos
2869 2937 3071 3001 totius

521 3043 764 3107 ordinis
824 3044 1023 3108 vestri
1079 3045 1385 3108 canonice
1440 3045 1694 3126 tulerit,
1761 3044 1922 3109 nulli
1970 3044 2600 3129 archiepiscoporum
2658 3066 2772 3109 seu
2828 3044 3070 3126 episco-

518 3171 770 3232 porum,
817 3151 942 3214 nisi
981 3149 1145 3214 forte
1185 3149 1263 3214 de
1301 3151 1609 3215 mandato
1647 3151 1927 3216 Romani
1963 3151 2307 3235 pontificis,
2354 3152 2552 3216 liceat
2596 3151 2910 3216 relaxare.
2999 3148 3069 3212 In

520 3257 805 3338 generali
868 3257 1065 3338 igitur
1120 3262 1335 3321 vestro
1392 3258 1705 3340 capitulo,
1762 3259 2130 3342 presidente
2183 3259 2422 3323 abbate
2485 3255 3069 3323 Premonstratensi

521 3363 881 3445 ceterisque
928 3362 1426 3427 consedentibus
1458 3371 1524 3429 et
1567 3364 1636 3427 in
1669 3358 1901 3447 spiritu
1935 3366 2038 3430 dei
2070 3365 2590 3449 cooperantibus,
2640 3366 2719 3429 de
2750 3365 2899 3447 hijs,
2950 3383 3067 3446 que

522 3468 605 3533 ad
662 3469 1135 3534 edificationem
1192 3472 1585 3553 animarum,
1645 3472 1727 3536 ad
1773 3473 2271 3537 instruccionem
2317 3494 2568 3536 morum
2615 3477 2680 3536 et
2738 3470 2821 3535 ad
2880 3470 3066 3535 infor-

521 3577 874 3641 mationem
930 3577 1240 3640 virtutum
1301 3585 1494 3659 atque
1550 3579 2016 3644 incrementum
2070 3579 2387 3661 regularis
2436 3578 2772 3661 discipline
2821 3583 3065 3661 specta-

527 3682 708 3765 bunt,
759 3703 967 3747 sermo
1016 3683 1289 3765 diligens
1335 3683 1674 3749 habeatur.
1768 3685 1973 3751 Porro
2028 3686 2108 3750 de
2163 3684 2458 3751 omnibus
2516 3684 2966 3767 questionibus
3009 3686 3067 3746 et

523 3789 811 3871 querelis
858 3794 995 3853 tam
1043 3789 1487 3872 spiritualibus
1535 3814 1730 3874 quam
1779 3792 2265 3875 temporalibUS,
2315 3813 2440 3875 que
2486 3793 2554 3855 in
2599 3793 2741 3874 ipso
2789 3789 3064 3874 capitulo

521 3896 851 3979 pr'oposite
906 3895 1176 3978 fuerint,
1237 3896 1398 3960 illud
1443 3904 1744 3962 teneatur
1797 3898 2330 3981 irrefragabiliter
2387 3904 2455 3962 et
2508 3904 2798 3962 servetur
2819 3949 2835 3979 ,
2905 3893 3063 3980 quod

522 4002 728 4067 abbas
775 4003 1399 4068 Premonstratensis
1457 4026 1601 4069 cum
1662 4006 1817 4088 hijs,
1886 4006 1998 4088 qui
2053 4006 2326 4070 sanioris
2392 4005 2685 4087 consilij3
2742 4011 2808 4069 et
2868 4004 3063 4087 magis

521 4110 755 4192 ydonei
804 4111 1243 4194 apparuerint,
1294 4111 1462 4177 iuste
1495 4133 1572 4176 ac
1602 4112 1866 4195 provide
1897 4111 2232 4176 iudicabit.
2311 4111 2480 4177 Sane
2514 4113 2569 4176 si
2602 4111 2806 4176 abbas
2841 4111 3062 4194 aliquis

521 4217 720 4281 vestri
759 4216 1000 4282 ordinis
1032 4217 1291 4282 infamis
1323 4218 1424 4282 vel
1454 4220 1703 4283 inutilis
1736 4225 1852 4283 aut
1891 4218 2134 4284 ordinis
2168 4219 2269 4282 sui
2307 4219 2747 4302 prevaricator
2777 4219 3062 4283 inventus

522 4322 717 4388 fuerit
780 4329 845 4387 et
908 4325 1088 4407 prius
1143 4346 1262 4409 per
1314 4332 1569 4408 patrem
1626 4348 1814 4390 suum
1871 4325 2174 4391 abbatem
2240 4332 2356 4390 aut
2417 4348 2534 4409 per
2595 4326 2867 4391 nuncios
2923 4344 3060 4390 suos

527 4430 916 4495 ammonitus
984 4453 1170 4495 suum
1235 4432 1555 4515 corrigere
1622 4437 1689 4496 et
1753 4433 2095 4498 emendare
2161 4432 2468 4497 delictum
2542 4434 2900 4515 neglexerit
2962 4434 3063 4496 aut

702 4662 719 4692 ¹
758 4661 992 4716 Hdsebr.
1032 4680 1156 4732 que.
1304 4663 1326 4693 2
1361 4662 1595 4716 Hdschr.
1636 4665 1877 4732 capitulo
1915 4682 1988 4718 se.
2134 4665 2156 4695 ³
2192 4683 2217 4717 s
2255 4683 2354 4719 aus
2392 4684 2420 4718 c
2457 4683 2567 4720 von
2602 4670 2850 4734 spaterer
2886 4660 3056 4718 Hand.
