3242 5184
239 2272 357 2325 Fol.
399 2278 427 2325 7
442 2278 479 2325 ⁸.

1586 295 1839 356 *12
1922 332 2009 342 Μ,

517 472 657 539 sitis
704 470 805 535 vel
851 470 1253 553 imponendis
1301 491 1421 535 nec
1467 470 1630 535 alias
1677 469 1871 533 11116111
1920 468 2019 532 vel
2051 489 2194 534 meo
2233 467 2445 534 officio
2493 467 2878 551 applicando
2927 489 3079 532 non

516 578 862 662 recipiam,
921 578 1224 660 quinymo
1280 597 1500 641 omnes
1555 574 1909 640 familiares
1966 581 2033 640 et
2094 574 2403 640 officiales
2467 595 2646 640 meos
2712 596 2881 657 cum,
2923 573 3088 638 dili-

517 686 762 769 gencia,
812 705 943 767 qua
987 689 1235 767 potero,
1283 683 1368 748 ab
1414 683 1542 766 hijs
1573 682 1810 749 faciam
1843 682 2170 748 abstinere
2202 688 2268 746 et
2298 683 2382 746 ad
2417 681 2540 747 hoc
2572 682 2929 763 astringam
2961 701 3090 745 eos

519 814 740 859 eorum
759 790 1026 875 proprio
1044 791 1429 855 iuramento.
1477 789 1662 855 Non1
1693 790 1917 872 rogavi
1948 810 2066 853 nec
2099 788 2458 873 supplicavi
2488 810 2607 853 nec
2639 786 2886 871 aliquid
2920 785 3089 852 dedi

517 921 633 964 seu
678 899 947 983 promisi
993 903 1107 962 aut
1153 896 1294 961 dari
1350 918 1466 962 seu
1520 896 1813 981 promitti
1859 895 1981 963 feci
2036 918 2153 979 pro
2208 897 2336 961 isto
2382 893 2593 961 officio
2642 893 3085 978 assequendo.

518 1005 625 1072 Sic
668 1025 771 1070 me
821 1003 977 1069 deus
1026 1003 1289 1069 adiuvet
1334 1009 1401 1069 et
1444 1003 1564 1069 hec
1611 1008 1841 1068 sancta
1888 1002 1991 1068 dei
2039 1002 2389 1087 evangelia.
2482 1002 2556 1067 T.

784 1254 1310 1319 Iuramentum
1358 1252 2017 1335 abbreviatorum,
2066 1259 2195 1336 qui
2239 1259 2506 1318 tenent
2551 1273 2892 1317 cameras
2945 1250 3084 1316 do-

872 1362 1242 1426 minorum
1287 1360 2104 1444 prothonotariorum.2

696 1504 835 1587 Ego
886 1552 898 1567 .
937 1553 950 1567 .
1001 1489 1413 1568 abbreviator
1442 1503 1604 1583 iuro,
1656 1500 1830 1584 quod
1862 1501 2145 1567 officium
2176 1501 2703 1595 meum'fideliter
2733 1501 3079 1583 exercebO,

519 1612 735 1678 dolum
791 1633 903 1675 seu
960 1609 1254 1674 fraudem
1309 1609 1598 1692 aliquam
1654 1609 1826 1673 circa
1879 1609 2091 1692 ipsum
2147 1608 2431 1674 officium
2485 1631 2612 1676 non
2668 1608 3082 1674 committam

519 1740 637 1784 nec
685 1717 1091 1783 consenciam
1140 1715 1589 1796 committenti,
1640 1721 1706 1780 et
1737 1716 1790 1779 si
1826 1717 2028 1782 sciam
2061 1716 2342 1798 aliquem
2377 1715 2594 1781 dolum
2626 1715 2725 1780 vel
2773 1715 3081 1780 fraudem

520 1827 693 1891 circa
722 1824 842 1890 hec
874 1824 1402 1904 committentem,
1422 1822 1680 1888 domino
1705 1872 1718 1885 .
1743 1871 1757 1886 .
1781 1822 2330 1904 vicecancellariO,
2353 1844 2549 1905 quam
2571 1824 2768 1887 cicius
2801 1822 3080 1889 comode

519 1937 766 2016 potero,
813 1930 1133 1996 revelabo.
1212 1929 1614 1995 Taxaciones
1646 1935 1948 1995 notarum
1979 1951 2096 2012 per
2143 1928 2472 1995 dominum
2518 1928 2723 1994 felicis
2770 1929 3079 1994 recorda-

520 2040 723 2105 cionis
770 2037 1127 2104 Iohannem
1166 2034 1481 2101 XXIIdum
1528 2058 1848 2101 summum
1893 2035 2263 2119 pontificem
2312 2036 2640 2101 ordinatas
2689 2037 3081 2119 diligencius

521 2143 879 2212 observabo
926 2166 1045 2208 nec
1092 2143 1337 2226 aliquid
1385 2143 1664 2208 scienter
1707 2165 1824 2226 per
1868 2165 1971 2208 me
2018 2144 2119 2207 vel
2174 2144 2373 2208 alium
2430 2144 2683 2226 exigam
2740 2164 2853 2208 seu
2908 2145 3079 2207 reci-

519 2254 695 2335 piam
715 2252 888 2315 ultra
922 2251 944 2338 ΙΙ
980 2250 1147 2315 illae.
1194 2250 1324 2315 Pro
1347 2251 1717 2333 signacione
1749 2256 2050 2315 notarum
2081 2272 2197 2315 seu
2230 2256 2380 2314 note
2412 2254 2528 2315 aut
2556 2251 2952 2334 peticionum
2973 2250 3080 2314 vel

520 2358 862 2442 peticionis
913 2357 1112 2421 nichil
1162 2356 1491 2440 recipiam.
1570 2357 1738 2421 Item
1787 2379 1914 2422 non
1961 2359 2270 2441 recipiam
2315 2358 2669 2440 peticiones
2718 2379 2832 2421 seu
2877 2362 3077 2421 notas

434 2519 439 2523 .
519 2467 887 2530 litterarum
918 2464 1252 2528 audiencie
1284 2470 1501 2547 preter
1532 2486 1664 2545 eas»,
1700 2486 1824 2546 que
1855 2464 2050 2528 michi
2083 2463 2161 2528 (16
2194 2465 2450 2528 6011111111
2482 2464 2638 2527 data
2669 2465 3076 2547 provenient,

521 2573 648 2636 nisi
695 2572 775 2636 de
820 2570 1127 2635 mandato
1176 2570 1417 2635 domini
1463 2570 1969 2653 vicecancellarij
2023 2591 2137 2634 seu
2174 2571 2432 2653 notarij,
2469 2576 2534 2634 et
2564 2570 2681 2635 has
2713 2571 3077 2654 peticiones

522 2679 831 2762 recipiam
895 2700 1011 2760 per
1067 2700 1297 2742 manus
1354 2679 1628 2742 duorum
1682 2678 1784 2742 vel
1838 2678 2030 2742 unius
2087 2678 2284 2741 iurati
2331 2677 2773 2742 distributoris
2821 2698 3075 2757 earum,

522 2787 635 2868 qui
682 2786 768 2848 sit
813 2784 1228 2849 abbreviator
1272 2807 1390 2868 per
1434 2786 1623 2849 11111118
1670 2785 1909 2849 mensis
1956 2783 2057 2848 vel
2103 2785 2315 2848 minus
2362 2785 2682 2866 spacium,
2731 2791 2924 2867 prout
2972 2790 3079 2848 est

521 2892 623 2957 vel
668 2891 863 2956 fuerit
909 2891 1277 2957 ordinatum
1324 2913 1439 2974 per
1482 2893 1799 2973 notarios,
1848 2891 2221 2972 duraturuS,
2271 2890 2506 2973 quibus
2554 2891 2652 2955 vel
2701 2892 2805 2954 cui
2852 2911 3077 2955 succe-

524 2998 683 3063 dant
728 2997 836 3080 alij
889 2997 1370 3064 abbreviatores
1420 2997 1615 3062 simili
1661 2998 1851 3063 modo
1898 2999 2113 3062 iurati.
2191 2997 2360 3061 Item
2399 2998 2683 3079 aliquam
2730 2995 3076 3080 legendam

523 3128 651 3170 non
700 3104 968 3188 signabo
1017 3106 1153 3170 sine
1198 3104 1506 3170 mandato
1553 3106 1787 3189 notarij
1839 3126 1958 3169 nec
2005 3104 2088 3168 ad
2139 3105 2596 3169 correctoriam
2627 3103 3075 3167 transmittam

522 3212 624 3276 vel
670 3210 945 3294 portabo
993 3213 1130 3275 sine
1185 3211 1494 3276 mandato
1550 3213 1807 3294 notarij.
1901 3211 2069 3276 Item
2133 3210 2378 3274 nullam
2444 3215 2664 3275 notam
2730 3233 2842 3275 seu
2906 3212 3075 3293 peti-

524 3321 774 3383 cionem
824 3316 1114 3400 signabO,
1163 3317 1287 3380 nisi
1335 3318 1466 3381 sint
1512 3316 1592 3381 de
1640 3339 1897 3382 camera
1933 3317 2167 3398 notarij
2221 3317 2463 3381 domini
2509 3316 2635 3380 mei
2683 3322 2750 3380 et
2796 3316 2875 3380 de
2922 3338 3075 3381 con-

525 3425 804 3489 sciencia
851 3425 1074 3508 ipsiuS.
1167 3423 1474 3505 LitteraS,
1525 3446 1650 3506 que
1698 3424 1985 3509 expediri
2033 3422 2273 3488 debent
2317 3423 2384 3485 in
2431 3422 2839 3504 cancellaria,
2887 3423 3075 3486 mali-

525 3534 696 3596 ciose
742 3553 869 3596 non
915 3529 1263 3613 impediam
1309 3551 1463 3611 nec,
1531 3538 1847 3613 quantum
1902 3532 1968 3595 in
2024 3551 2125 3594 me
2172 3529 2402 3610 fuerit,
2469 3529 2767 3613 impediri
2813 3528 3073 3593 faciam.

523 3637 976 3720 Impediendas
1040 3637 1244 3701 eciam
1298 3637 1629 3702 maliciose
1685 3638 1973 3722 expediri
2030 3636 2292 3699 minime
2336 3635 2718 3717 procurabo.
2812 3635 3074 3720 Impug-

525 3750 756 3809 nantes
802 3765 953 3808 vero
1001 3744 1252 3807 litteras
1299 3744 1366 3806 in
1414 3743 1803 3808 cancellaria
1852 3743 2145 3828 predicta
2190 3740 2487 3824 partibus
2535 3762 2650 3805 seu
2697 3763 2806 3805 eas
2843 3763 3074 3824 procu-

524 3851 821 3916 rantibus
866 3850 969 3914 vel
1013 3850 1305 3933 personis
1353 3850 1519 3932 alijs‚
1567 3871 1685 3932 per
1730 3872 1892 3932 quas
1932 3850 2265 3933 pervenire
2298 3849 2507 3931 possit
2538 3847 2621 3912 ad
2653 3870 2878 3913 eorum
2908 3850 3075 3913 noti-

526 3958 714 4036 ciam,
762 3956 1024 4020 minime
1069 3955 1390 4021 revelabo,
1486 3955 1750 4020 Secreta
1797 3957 2001 4021 eciam
2048 3956 2178 4020 alia
2224 3956 2428 4037 ipsius
2476 3954 2897 4037 cancellarie,
2948 3977 3075 4038 que

527 4068 779 4127 secreta
811 4084 952 4127 esse
985 4083 1359 4145 cognovero,
1402 4068 1648 4126 secrete
1680 4063 1915 4128 tenebo
1950 4084 2154 4145 eaque
2187 4062 2465 4125 scienter
2495 4062 2733 4124 nemini
2766 4061 3069 4143 pandam.

524 4170 614 4234 Et
661 4170 717 4232 si
764 4169 848 4233 ad
895 4170 1203 4233 noticiam
1240 4190 1451 4233 meam
1499 4168 1748 4252 aliquid
1797 4169 2096 4234 devenire
2144 4169 2505 4250 contingat,
2572 4169 2746 4249 quod
2792 4160 2878 4232 in'
2906 4169 3071 4251 peri-

527 4277 741 4340 culum
798 4296 912 4340 seu
965 4295 1157 4357 grave
1213 4275 1565 4359 dampnum
1619 4276 1900 4341 Romani
1952 4276 2275 4358 pontificis
2331 4280 2447 4339 aut
2502 4274 2745 4340 domini
2793 4324 2807 4338 .
2850 4325 2861 4337 .
2909 4275 3071 4339 vice-

705 4473 723 4504 1
760 4459 916 4526 ⁷(lber
959 4489 1070 4527 non
1115 4476 1263 4526 roter
1298 4472 1477 4526 Strich
1523 4474 1626 4526 mit
1669 4479 1844 4528 rotem
1880 4472 2070 4526 Punkt
2118 4472 2372 4526 dariiber.
2446 4469 2556 4524 Am
2593 4470 2788 4525 Raude
2826 4470 3072 4526 dasselbe

525 4561 760 4616 Zeichen
797 4561 911 4614 und
949 4561 1202 4616 daneben
1240 4566 1350 4616 rot:
1390 4562 1630 4616 attende.
1742 4562 1764 4593 ²
1798 4561 2176 4616 Iuramentum
2213 4560 2436 4615 illorum
2473 4558 2939 4628 abbreviatorum‚
2979 4560 3071 4631 qui

525 4656 716 4705 tenent
752 4667 995 4706 cameras
1032 4651 1377 4707 dominorum
1414 4652 1771 4707 notariorum.
1846 4649 2314 4724 Abbreviatorum
2351 4648 2490 4705 iiber
2527 4649 2625 4705 der
2661 4648 2825 4705 Zeile.
