3242 5184
181 550 301 605 Fol.
345 555 409 605 78
420 557 459 603 ⁸.

1538 266 2027 331 —152-

501 440 716 505 culum
763 440 1166 522 incurrisset,
1215 439 1476 505 sublata
1520 440 1779 524 penitus
1836 441 2009 506 omni
2063 441 2529 508 consuetudine
2573 442 2878 527 locorum,
2930 465 3049 527 que

497 548 649 611 huic
704 547 1088 612 adversatur
1146 547 1494 627 sanctioni3
1551 548 1679 611 nisi
1735 547 1898 611 talia
1951 549 2083 613 sint
2122 553 2148 633 ΙΙ
2189 549 2475 631 navigia,
2525 570 2650 632 que
2695 552 3048 634 pyraticam

500 659 847 719 exerceant
911 659 1026 718 aut
1091 654 1222 718 sint
1283 653 1471 719 nobis
1535 654 1636 719 vel
1696 653 2064 721 Christiano
2125 657 2371 720 nomini
2434 658 2713 721 inimica.
2815 657 3048 722 Trans-

497 782 826 844 gressores
860 765 1077 825 autem
1097 760 1289 824 huius
1321 765 1541 826 nostre
1573 762 2055 828 constitutionis
2087 762 2403 829 bonorum
2422 763 2859 847 publicatione
2892 764 3048 827 mul-

499 873 750 949 tentur,
800 874 866 932 et
911 869 967 931 si
1012 888 1117 932 res
1165 867 1480 949 exegerit,
1529 889 1750 934 eorum
1796 868 2064 935 audatia
2107 871 2291 934 iuxta
2336 870 2714 935 mandatum
2758 877 3050 936 nostrum

499 975 708 1041 modis
756 974 904 1058 ah‘js
953 979 1421 1058 compescatur.
1516 973 1796 1040 Omnes1
1841 977 2166 1058 peregrini
2213 981 2279 1040 et
2324 975 2568 1042 advene
2598 976 2800 1042 libere
2836 977 3049 1063 hospi-

499 1088 739 1163 tentur,
773 1080 885 1146 ubi
917 1081 1239 1146 voluerint
1269 1086 1336 1145 et
1364 1081 1695 1165 hospitali,
1730 1083 1784 1146 si
1811 1084 2045 1165 testari
2075 1084 2415 1165 voluerint,
2450 1082 2531 1148 de
2560 1083 2754 1149 rebus
2787 1086 2923 1149 suis
2956 1107 3048 1151 or-

500 1188 767 1253 dinandi
787 1187 1060 1253 liberam
1079 1187 1366 1253 habeant
1382 1188 1775 1271 facultatem,
1798 1188 2072 1271 quorum
2092 1190 2412 1256 ordinatio
2432 1190 2817 1257 inconcussa
2844 1213 3047 1257 serve-

497 1301 623 1360 tur.
675 1294 911 1361 sivero
931 1296 1228 1359 intestati
1249 1295 1665 1377 decesserint,
1700 1296 1782 1360 ad
1802 1297 2124 1380 hospitem
2143 1297 2342 1362 nichil
2361 1299 2716 1383 perveniat,
2748 1289 2864 1362 sed
2884 1297 3050 1363 bona

496 1405 785 1487 ipsorum
829 1422 946 1485 per
991 1422 1221 1466 manus
1268 1403 1553 1486 episcopi
1598 1404 1724 1467 loci
1755 1402 2118 1486 tradantur,
2167 1404 2222 1468 si
2252 1403 2393 1469 fieri
2423 1410 2660 1487 potest,
2706 1403 3047 1469 heredibus

496 1507 638 1572 vel²
701 1507 768 1571 in
824 1508 968 1591 pias
1033 1529 1264 1572 causas
1330 1514 1694 1591 erogentur.
1797 1510 2052 1593 Hospes
2106 1532 2277 1592 vero,
2342 1511 2399 1574 si
2444 1510 2692 1593 aliquid
2739 1510 2822 1575 de
2868 1510 3047 1575 bonis

420 1695 427 1702 ἡ
494 1613 726 1678 talium
772 1619 1000 1679 contra
1052 1614 1221 1678 hanc
1272 1622 1563 1680 nostram
1618 1617 2147 1683 constitutionem
2201 1617 2525 1700 habuerit,
2571 1617 2841 1701 triplum
2888 1618 3046 1702 epis-

182 4090 302 4144 Fol.
345 4088 461 4144 78¹⁰.

472 1742 658 1804 -copo
722 1722 1031 1786 restituat
1050 1771 1065 1801 ,
1144 1720 1380 1803 quibus
1443 1722 1652 1787 visum
1715 1723 1912 1787 fuerit
1974 1723 2473 1807 assignandum,
2549 1745 2678 1789 non
2751 1724 3049 1789 obstante

498 1832 745 1893 statuto
793 1827 1013 1909 aliquo
1060 1834 1176 1893 aut
1221 1829 1685 1894 consuetudine
1731 1852 1846 1895 seu
1878 1831 2099 1895 'eciam
2144 1830 2507 1914 privilegiO,
2564 1851 2691 1913 que
2736 1830 3047 1895 hactenus

497 1935 892 1999 contrarium
922 1935 1338 2000 inducebant.
1431 1935 1500 2000 Si
1547 1938 1660 2019 qui
1691 1943 1908 2001 autem
1957 1942 2184 2003 contra
2226 1938 2740 2021 presumpserint
2751 1937 2797 2019 ³,
2847 1939 2942 2003 eis
2974 1937 3048 2002 de

496 2039 690 2105 rebus
751 2041 885 2105 suis
942 2041 1229 2106 testandi
1274 2042 1718 2107 interdicimus
1765 2044 2162 2124 facultatem,
2211 2049 2287 2107 ut
2330 2044 2398 2107 in
2444 2065 2522 2108 ea
2565 2045 2942 2127 puniantur,
2987 2045 3050 2108 in

497 2168 624 2229 quo
682 2146 1095 2229 deliquerunt
1108 2147 1153 2230 4,
1217 2148 1422 2213 alias⁵
1475 2156 1670 2232 prout
1733 2151 1919 2234 culpe
1975 2149 2259 2233 qualitas
2316 2151 2629 2234 exegerit,
2685 2151 3048 2234 puniendis.

496 2254 942 2337 Agricultores
1009 2259 1075 2319 et
1138 2256 1310 2319 circa
1372 2277 1510 2321 rem
1573 2258 1887 2321 rusticam
1952 2257 2269 2342 occupati,
2337 2257 2490 2321 dum
2544 2256 2675 2321 illis
2722 2258 3049 2338 insistunt,

497 2360 652 2425 dum
717 2382 906 2443 agros
969 2361 1208 2444 colunt,
1273 2363 1484 2427 securi
1548 2364 1679 2427 sint
1733 2384 2140 2446 quacumque
2193 2371 2379 2447 parte
2434 2369 2786 2447 terrarum,
2843 2366 2939 2429 ita
2982 2371 3052 2428 ut

495 2468 713 2532 nullus
777 2469 1144 2533 inveniatur
1205 2476 1340 2534 tam
1404 2470 1638 2553 audax,
1704 2476 1778 2534 ut
1840 2491 2204 2553 personam,
2271 2470 2488 2552 boveS,
2544 2493 2754 2554 agroS,
2813 2473 3048 2535 instru-

497 2579 736 2655 menta,
785 2580 901 2639 aut
947 2576 1002 2639 si
1049 2574 1247 2657 quid⁶
1300 2577 1479 2641 aliud
1527 2578 1633 2658 sit,
1681 2577 1856 2659 quod
1902 2576 1986 2641 ad
2033 2598 2297 2660 operam
2341 2579 2652 2644 rusticam
2670 2578 2695 2617 ⁷
2746 2600 3047 2662 pervene-

496 2682 603 2762 rit,
651 2680 974 2763 invadere,
1024 2703 1255 2765 capere
1292 2690 1408 2747 aut
1442 2684 1756 2748 violenter
1793 2683 2048 2748 auferre
2085 2690 2437 2767 presumat.
2532 2684 2603 2751 Si
2640 2687 2785 2768 quis
2835 2693 3047 2751 autem

497 2792 814 2852 statutum
844 2787 1036 2852 huius
1052 2789 1077 2826 ⁸
1122 2811 1287 2854 ausu
1319 2791 1663 2854 temerario
1694 2791 1936 2854 violare
1982 2793 2470 2874 presumpserit,
2516 2794 2585 2855 in
2605 2792 3048 2876 quadruplum

496 2894 717 2958 ablata
762 2896 1086 2976 restituat,
1133 2895 1396 2959 infamie
1442 2903 1664 2961 notam
1709 2898 2000 2962 incurrat
2028 2898 2170 2980 ipso
2202 2899 2362 2980 iure,
2410 2900 2731 2982 imperiali
2762 2898 3047 2963 animad-

494 3002 787 3066 versione
831 3001 1284 3066 nichilominus
1330 3003 1696 3086 puniendus
1710 3003 1754 3067 ⁹.

762 3268 1244 3333 Constitutio
1302 3275 1574 3334 contra
1611 3272 1712 3354 {11⁰
1766 3273 2397 3337 exactionatores
2454 3273 2923 3338 clericorum
2978 3279 3047 3338 et

852 3375 1130 3440 dubios
1178 3376 1370 3441 fidei
1417 3377 1819 3442 catholice.

673 3534 1002 3599 Honorius
1051 3537 1392 3620 episcopus
1439 3543 1561 3601 etc.
1654 3537 1998 3619 NoveritiS,
2049 3539 2224 3620 quod
2270 3562 2387 3604 nos
2434 3561 2641 3624 nuper
2676 3542 2744 3604 in
2775 3540 3042 3606 basilica

496 3643 807 3726 principis
857 3642 1298 3725 apostolorum
1343 3651 1642 3726 presente
1691 3646 2023 3709 carissimo
2070 3646 2138 3709 in
2169 3645 2425 3712 Christo
2456 3646 2589 3712 filio
2633 3654 2859 3712 nostro
2890 3646 3041 3711 Fre-

498 3750 714 3813 derico
779 3748 1019 3812 illustri
1079 3747 1520 3813 Romanorum
1584 3751 1975 3833 imperatore
2030 3758 2096 3816 et
2151 3774 2406 3837 semper
2450 3760 2725 3836 augusto
2771 3755 2839 3818 in
2887 3754 3039 3817 cele-

498 3856 791 3921 bratione
836 3856 1202 3936 missarum,
1266 3862 1614 3939 postquam
1680 3858 1877 3941 capiti
1942 3880 2059 3922 suo
2122 3860 2548 3951 imposuimus
2603 3860 2852 3945 imperij
2912 3859 3037 3923 dia-

501 3962 709 4043 dema,
760 3961 839 4025 de
880 3961 1146 4026 consilio
1189 3961 1462 4027 fratrum
1493 3970 1863 4029 nostrorum
1896 3967 2183 4030 accensis
2219 3965 2503 4031 candelis
2537 3967 3035 4032 excommunica-

499 4090 644 4132 mus
693 4089 772 4132 ex
817 4074 1003 4152 parte
1035 4068 1139 4132 dei
1172 4071 1651 4153 omnipotentis,
1690 4074 1715 4154 ΙΙ
1751 4073 2137 4136 auctoritate
2185 4094 2443 4155 quoque
2489 4074 2830 4138 beatorum
2867 4072 3035 4138 Petri

680 4265 696 4296 ¹
735 4263 807 4319 So
851 4263 943 4317 fiir
985 4281 1173 4320 omnes
1219 4282 1366 4320 vero.
1612 4266 1633 4297 ²
1670 4266 1827 4321 Nach
1871 4267 1965 4323 vel
2008 4269 2082 4322 ist
2120 4271 2244 4338 pias
2289 4269 2530 4325 schwarz
2556 4270 2772 4339 {dui-ch·
2808 4271 2920 4323 und
2954 4272 3033 4321 rot

498 4352 915 4408 unterstrichen.
1085 4353 1107 4385 ⁸
1142 4353 1403 4408 Hdschr.:
1441 4358 1853 4425 presumpserit.
2016 4355 2039 4388 ⁴
2074 4357 2234 4413 Nach
2267 4359 2289 4410 i
2323 4359 2396 4412 ist
2429 4377 2468 4411 n
2504 4358 2678 4412 durch
2713 4359 2891 4414 Rasur
2925 4361 3029 4412 ent-

499 4441 662 4497 fernt.
807 4442 828 4473 ⁶
864 4441 1099 4497 Hdschr.
1126 4443 1265 4513 alijs.
1411 4445 1433 4475 ⁰
1469 4443 1730 4498 Hdschr.:
1770 4445 1982 4514 aliquid
2007 4451 2239 4501 anstatt:
2278 4453 2378 4502 aut
2411 4449 2457 4501 si
2494 4448 2646 4517 quid.
2792 4448 2811 4479 ⁷
2845 4445 2916 4501 So
2949 4444 3031 4497 fur

498 4532 849 4585 rusticanam.
1047 4531 1070 4565 ⁸
1105 4530 1178 4587 So
1213 4530 1305 4586 fiir
1338 4531 1503 4586 huius
1538 4533 1706 4588 modi.
1904 4533 1927 4566 ⁹
1961 4533 2223 4590 Hdschr.:
2260 4553 2337 4593 os.
2529 4536 2574 4570 ¹⁰
2607 4537 2721 4595 Am
2755 4535 2908 4594 Eudo
2940 4532 3030 4589 det

500 4620 704 4677 letzten
739 4619 888 4678 Zeile
925 4621 1021 4678 des
1057 4621 1548 4697 vorhergehenden
1581 4622 1958 4683 AbschnitteS.
