3242 5184
255 2814 374 2868 Fol.
415 2822 445 2867 6
458 2821 494 2867 ⁸.

1592 297 2022 357 ...10-

796 521 1315 585 Iuramentum
1361 523 1838 587 notariorum
1884 524 2191 606 palacij.
2212 525 2233 562 ²

706 661 847 744 Ego
888 712 902 727 .
947 712 960 726 .
995 663 1285 728 notarius
1321 712 1334 726 .
1362 712 1376 727 .
1400 662 1715 728 auditoris
1748 666 2161 729 commissum
2191 664 2386 729 michi
2420 663 2704 730 officium
2737 664 2995 728 solicite
3031 670 3104 745 et

528 768 808 833 fideliter
870 769 1184 835 exercebo
1206 820 1221 851 ,
1288 792 1329 834 a
1385 769 1682 854 partibus
1729 793 1961 835 causas
2006 771 2398 836 habentibus
2444 770 2546 835 vel
2592 770 2916 835 habituris
2937 821 2952 852 ,
3027 772 3100 835 in

531 875 765 958 quibus
814 897 957 940 sum
1003 876 1104 941 vel
1150 876 1333 944 fuero
1380 879 1672 942 notarius
1722 876 2101 961 deputatuS,
2150 878 2251 942 vel
2298 877 2381 942 ab
2429 899 2654 941 earum
2702 877 2925 960 aliqua
2974 900 3103 942 seu

531 1005 572 1047 a
617 1004 1002 1065 quocunque
1061 983 1191 1048 alio
1252 1004 1477 1048 earum
1537 986 1795 1049 nomine
1856 985 2081 1067 quovis
2143 985 2356 1051 colore
2414 1004 2528 1049 seu
2574 984 2764 1050 modo
2812 985 3099 1067 quesitis

529 1088 728 1153 nichil
774 1089 1084 1173 recipiam
1132 1090 1308 1154 ultra
1355 1091 1762 1155 taxacionem
1809 1111 1926 1174 per
1971 1090 2177 1156 felicis
2221 1090 2697 1157 recordacionis
2727 1090 3100 1156 Iohannem

531 1194 840 1260 XXH‘Mm
887 1218 1205 1260 summum
1269 1197 1639 1281 pontificem
1697 1218 1890 1282 super
1942 1197 2064 1263 hoc
2110 1198 2476 1264 ordinatam
2499 1248 2514 1279 ,
2581 1198 2827 1262 nullam
2845 1197 2870 1236 2
2936 1220 3098 1261 cau-

533 1324 673 1367 sam
720 1302 916 1366 michi
964 1305 1280 1368 committi
1328 1304 1739 1369 scribendam
1785 1303 2146 1388 procurabo
2192 1325 2311 1367 nec
2342 1303 2665 1370 adhibebo
2696 1305 3100 1369 instanciam

534 1409 821 1491 aliquam
866 1410 934 1473 in
981 1410 1104 1474 hac
1148 1416 1356 1493 parte.
1435 1412 1579 1475 Non
1617 1432 1729 1477 ero
1760 1417 2091 1494 promotor
2138 1431 2253 1475 seu
2299 1416 2685 1495 procurator
2731 1412 2797 1474 in
2846 1412 3101 1492 causiS,

532 1537 657 1598 que
714 1537 930 1581 coram
988 1516 1282 1582 auditore
1337 1539 1480 1583 meo
1536 1518 1867 1600 agitantur
1923 1537 2039 1581 seu
2097 1517 2333 1599 agitari
2380 1519 2712 1600 continget
2755 1518 2821 1580 in
2869 1518 3104 1583 causis

529 1622 860 1705 predictiS,
900 1624 966 1686 in
1013 1623 1247 1705 quibus
1296 1646 1438 1688 sum
1484 1624 1585 1688 vel
1632 1624 1833 1706 fuero,
1882 1629 1958 1688 ut
1991 1622 2332 1706 prefertur,
2381 1625 2675 1689 notarius
2713 1624 3101 1707 deputatuS.

534 1728 772 1794 Omnes
832 1735 1016 1793 actus
1071 1729 1443 1795 iudiciarios
1500 1730 2031 1796 substancialiter
2087 1731 2156 1793 in
2209 1730 2497 1794 manuali
2554 1752 2690 1821 seu=
2724 1731 3104 1795 memoriali

531 1838 597 1899 in
645 1835 960 1901 auditoris
1005 1837 1134 1900 mei
1178 1839 1516 1920 presencia
1561 1844 1628 1901 et
1673 1840 1879 1901 eciam
1926 1837 2237 1920 parcium,
2288 1838 2341 1901 si
2375 1838 2495 1902 hec
2533 1842 2876 1923 expectare
2907 1836 3101 1902 volu-

533 1944 719 2025 erint,
770 1943 1193 2025 conscribam,
1243 1949 1310 2008 et
1353 1949 1700 2027 postquam
1731 1943 1876 2009 illos
1909 1944 2371 2026 conscripsero,
2421 1966 2530 2010 eos
2563 1966 2812 2009 necnon
2842 1943 3100 2007 instru-

531 2056 751 2115 menta
797 2055 864 2115 et
909 2051 1124 2115 omnia
1171 2050 1303 2114 alia
1349 2057 1416 2115 et
1460 2051 1715 2133 singula
1759 2053 1826 2115 in
1873 2052 2087 2116 causis
2142 2049 2493 2134 producta,
2557 2051 2669 2115 ubi
2730 2051 3101 2133 requisitus

532 2157 615 2223 ab
681 2157 976 2221 auditore
1028 2156 1130 2222 vel
1187 2157 1482 2240 partibus
1539 2180 1655 2222 seu
1709 2180 1932 2223 earum
1997 2156 2255 2240 aliqua³
2310 2157 2525 2239 fuero,
2592 2158 2658 2220 in
2722 2162 3101 2239 regestrum

530 2264 810 2328 fideliter
853 2264 1142 2347 redigam
1187 2264 1288 2328 vel
1332 2265 1536 2348 redigi
1584 2265 1837 2329 faciam.
1922 2266 2300 2347 Requisitus
2356 2264 2440 2328 ab
2498 2262 2741 2327 eisdem
2788 2263 3099 2346 partibus

531 2371 632 2435 vel
706 2392 929 2435 earum
1003 2371 1226 2454 aliqua
1289 2372 1357 2435 in
1432 2372 1704 2454 singulis
1777 2373 2070 2437 terminis
2135 2371 2495 2436 successive
2559 2369 2859 2453 partibus
2923 2371 3097 2453 ipsis

533 2479 804 2562 copiam,
854 2500 1001 2542 cum
1032 2499 1149 2561 per
1179 2479 1542 2543 auditorem
1574 2477 1838 2543 decreta
1869 2478 2082 2561 fuerit,
2132 2479 2269 2542 sine
2316 2476 2697 2540 difficultate
2745 2481 2812 2539 et
2856 2474 3099 2541 fraude

534 2606 919 2669 quacunque
965 2584 1220 2667 faciam,
1270 2585 1447 2650 salvo
1493 2606 1639 2650 meo
1683 2586 1854 2651 iusto
1903 2586 2140 2650 salario
2173 2606 2289 2668 per
2324 2585 2537 2667 ipsum
2576 2582 2906 2648 dominum
2937 2605 3095 2649 nos-

533 2699 708 2757 trum
756 2713 1077 2757 summum
1099 2691 1491 2775 pontificem
1537 2690 1894 2757 moderato.
1974 2692 2239 2757 Secreta
2272 2711 2467 2755 cause
2515 2693 2764 2754 secrete
2812 2690 3099 2754 servabo

536 2806 602 2864 et
637 2799 981 2882 presertim
1027 2798 1297 2863 consilia
1344 2797 1658 2862 auditoris
1708 2803 1774 2861 et
1821 2800 2229 2879 sententiam,
2278 2798 2481 2862 donec
2520 2796 2664 2878 ipsa
2698 2797 2720 2884 ΙΙ
2756 2797 3100 2861 sentencia

535 2906 621 2970 sit
662 2904 938 2989 prolata.
1018 2904 1407 2988 Supradicta
1438 2905 1656 2970 omnia
1687 2910 1754 2968 et
1799 2905 2054 2987 singula
2090 2906 2399 2988 promitto
2447 2909 2514 2967 et
2556 2903 2701 2967 iuro
2748 2902 3097 2967 attendere

535 3018 601 3077 et
648 3033 905 3076 servare
953 3012 1090 3075 sine
1137 3013 1309 3076 omni
1358 3011 1504 3076 dolo
1552 3016 1618 3074 et
1663 3010 1908 3076 fraude.
2003 3011 2111 3076 Sic
2164 3031 2266 3075 me
2321 3010 2480 3074 deus
2539 3009 2801 3073 adiuvet
2855 3014 2924 3073 et
2966 3007 3094 3073 hec

536 3124 761 3184 sancta
808 3117 910 3182 dei
957 3117 1306 3200 evangelia.
1399 3117 1474 3182 Τ.
3081 3124 3086 3128 ’

800 3331 1318 3396 Iuramentum
1367 3350 1593 3412 super
1639 3329 2202 3394 tabellionatus
2250 3329 2572 3395 officio.⁴

711 3474 852 3556 Ego
901 3523 915 3538 .
960 3523 973 3537 .
1024 3473 1106 3538 ab
1152 3471 1276 3537 hac
1321 3472 1482 3538 hora
1526 3473 1792 3536 inantea
1837 3471 2045 3536 fidelis
2093 3493 2202 3536 ero
2249 3471 2442 3536 beato
2490 3471 2685 3538 Petro
2742 3479 2807 3536 et
2862 3478 3089 3538 sancte

534 3581 828 3646 Romane
861 3580 1129 3644 ecclesie
1176 3601 1254 3643 ac
1300 3579 1559 3644 domino
1605 3600 1750 3643 meo
1798 3579 2057 3644 domino
2109 3627 2122 3641 .
2160 3627 2173 3641 .
2224 3598 2391 3660 pape
2423 3576 2537 3641 VI.
2588 3583 2655 3641 et
2701 3580 3090 3644 successori-

535 3688 657 3752 bus
705 3688 843 3751 eius
892 3687 1200 3752 canonice
1245 3684 1663 3750 intrantibus.
1740 3685 1884 3750 Non
1917 3705 2027 3749 ero
2064 3685 2132 3747 in
2162 3683 2430 3749 consilio
2477 3683 2579 3748 vel
2625 3685 2887 3767 auxilio,
2938 3708 3089 3750 con·

536 3815 731 3858 sensu
777 3793 879 3857 vel
925 3792 1117 3874 facto,
1166 3798 1241 3856 ut
1284 3792 1485 3857 vitam
1530 3791 1811 3874 perdant
1856 3797 1972 3856 aut
2017 3790 2377 3854 membrum
2407 3790 2507 3854 vel
2540 3792 2882 3874 capiantur
2911 3791 3090 3857 mala

536 3901 862 3983 capcione.
957 3898 1345 3980 Consilium,
1409 3898 1582 3980 quod
1643 3898 1834 3962 michi
1898 3918 2014 3980 per
2059 3917 2127 3961 se
2174 3896 2275 3961 vel
2319 3897 2573 3962 litteras
2621 3903 2737 3962 aut
2781 3899 3090 3962 nuncium

535 4005 1064 4087 manifestabunt,
1100 4004 1185 4069 ad
1215 4025 1438 4070 eorum
1470 4005 1822 4086 dampnum
1854 4004 2132 4068 scienter
2177 4003 2417 4067 nemini
2450 4004 2753 4087 pandam.
2834 4003 2904 4069 Si
2934 4026 3087 4071 vero

537 4113 621 4178 ad
680 4133 890 4177 meam
950 4113 1258 4178 noticiam
1315 4111 1561 4194 aliquid
1623 4112 1922 4175 devenire
1968 4111 2332 4193 contingat,
2396 4110 2568 4193 quod
2613 4113 2681 4175 in
2726 4111 3088 4194 periculum

717 4292 735 4323 ¹
774 4291 982 4345 Hierzu
1027 4309 1118 4345 am
1155 4290 1375 4345 Raude:
1429 4291 1812 4344 Iuramentum
1856 4291 2197 4345 notariorum
2242 4289 2461 4359 palacij.
2625 4289 2647 4320 ⁹
2682 4289 2963 4345 Hieriiber
2998 4292 3086 4344 ein

537 4387 685 4437 roter
720 4380 899 4434 Strieh
937 4382 1039 4433 mit
1074 4378 1316 4434 dariiber
1351 4379 1673 4433 stehendem
1708 4384 1865 4435 roten
1889 4378 2096 4433 Punkt.
2175 4376 2456 4433 Daneben
2489 4393 2580 4431 am
2604 4377 2799 4433 Rande
2835 4377 3087 4435 dasselbe

538 4468 771 4525 Zeichen
808 4470 923 4522 und
959 4474 1070 4524 rot:
1108 4469 1333 4523 attende
1369 4468 1527 4522 bene.
1683 4467 1705 4499 ³
1741 4467 1851 4522 Am
1887 4468 2082 4523 Rande
2117 4467 2542 4538 nachgetragen.
2692 4466 2716 4498 ⁴
2752 4466 2960 4521 Hierzu
2996 4485 3086 4522 am

540 4559 765 4613 Raude:
812 4557 1016 4612 Forma
1051 4559 1346 4612 iuramenti
1380 4575 1482 4627 per
1516 4558 1870 4627 inquisitores
1904 4557 2143 4611 heretice
2188 4574 2290 4627 pro
2340 4555 2750 4611 tabellionibus.
2824 4555 3086 4611 Dieselbe

540 4648 709 4704 Hand
744 4647 913 4703 strich
949 4648 1039 4703 die
1077 4648 1300 4703 Wo‘rter
1333 4666 1434 4718 per
1470 4649 1823 4717 inquisitores
1859 4646 2101 4701 heretice
2137 4646 2341 4701 wieder
2377 4662 2492 4701 aus.
