3242 5184
1164 298 1653 361 —129—

159 485 307 564 nquo
349 499 465 542 vos
513 476 814 561 operibus
860 477 1019 559 ipsis
1064 476 1350 540 intentos
1381 490 1509 540 ’eas
1558 474 1879 539 credimus
1924 474 2178 539 facilius
2229 473 2554 558 exaudire,
2603 474 2687 540 ad
2741 475 2864 548 ‚Fol-
2884 478 2951 528 67
2963 484 3002 527 ⁸-

154 606 268 667 que
326 584 637 648 tenemini
701 584 897 647 etiam
957 605 1086 647 non
1149 583 1378 663 rogati.
1489 579 1678 645 Licet
1743 588 1959 646 autem
2033 576 2324 646 debeatis
2388 582 2687 646 omnibus

153 691 558 773 benignitatis
605 694 817 755 vestre
862 691 1140 773 gratiam
1170 687 1496 769 exhibere,
1542 687 1673 751 illis
1717 695 1936 753 tamen
1968 688 2314 771 specialius
2344 694 2412 753 et
2440 688 2688 754 habun-

156 798 396 862 dantius
428 797 749 862 liberales
796 815 938 861 esse
983 818 1097 860 vos
1129 796 1446 876 convenit,
1496 795 1609 877 qui
1641 794 1856 860 divino
1889 795 2140 859 occulto
2172 801 2426 859 tantum
2457 795 2689 860 iuditio

155 906 266 970 sibi
308 910 375 970 et
419 904 568 987 alijs
616 902 826 968 effecti
871 902 1132 966 inutiles
1191 899 1480 965 subsidio
1533 901 1830 985 indigent
1882 902 2176 966 aliorum.
2269 901 2432 967 Cum
2494 903 2694 985 igitur

154 1013 228 1077 ad
269 1010 590 1095 hospitale
637 1010 843 1074 sancti
889 1008 1154 1090 Antonij
1205 1006 1592 1071 Viennensis
1642 1007 1917 1073 diocesis
1963 1007 2365 1072 infirmorum
2411 1008 2692 1073 diversa-

153 1140 283 1182 rum
326 1117 781 1181 infirmitatum
827 1121 893 1180 et
937 1135 1286 1198 egenorum
1343 1113 1629 1196 undique
1672 1136 1806 1179 non
1851 1114 2104 1179 modica
2150 1114 2436 1180 confluat
2479 1116 2695 1180 multi-

153 1224 315 1305 tudo,
364 1245 644 1307 quorum
691 1223 956 1306 quidam
1003 1222 1096 1285 sic
1142 1220 1576 1286 membrorum
1624 1223 1911 1286 omnium
1960 1229 2113 1286 sunt
2143 1221 2345 1286 offitio
2378 1222 2693 1303 destituti,

155 1338 219 1395 ut
258 1333 475 1415 potius
523 1336 813 1395 monstra
857 1328 1195 1393 horribilia
1240 1349 1436 1410 quam
1480 1327 1775 1393 homines
1821 1327 2165 1393 videantur
2201 1334 2269 1393 et
2312 1329 2396 1394 ad
2444 1334 2696 1393 susten·
2779 1322 2782 1325 “

153 1439 416 1502 tationes
472 1438 762 1521 ipsorum
815 1436 1074 1520 proprie
1128 1435 1334 1518 ipsius
1388 1434 1729 1517 hospitalis
1785 1457 1915 1499 non
1962 1434 2289 1500 sufficiant
2331 1435 2696 1516 facultateS,

156 1546 634 1609 universitatem
679 1549 960 1608 vestram
1007 1541 1090 1608 ad
1136 1542 1343 1605 instar
1372 1540 1579 1605 felicis
1611 1541 2077 1606 recordationis
2109 1541 2471 1625 Innocentij
2507 1562 2696 1626 pape,

153 1651 618 1735 predecessoris
665 1651 890 1732 nostri,
937 1670 1274 1714 monemus
1306 1653 1373 1712 et
1401 1646 1741 1712 hortamur
1769 1654 2016 1714 attente
2063 1671 2139 1713 ac
2183 1671 2300 1733 per
2345 1649 2701 1733 apostolica

156 1759 326 1823 vobis
361 1758 610 1842 scripta
646 1756 936 1821 districte
982 1754 1397 1839 precipiendo
1443 1754 1849 1837 mandamus,
1899 1758 2227 1838 quatinus,
2276 1761 2350 1820 ut
2380 1757 2522 1820 sitis
2553 1777 2699 1839 par-

153 1864 369 1947 ticipes
415 1884 685 1947 operum
726 1864 1009 1947 pietatiS,
1058 1861 1438 1927 accedentes
1486 1861 1568 1926 ad
1614 1883 1728 1926 vos
1776 1863 2075 1927 nuntios¹
2121 1864 2417 1945 magistri
2464 1868 2530 1927 et
2574 1861 2700 1928 fira-

155 1977 315 2034 trum
360 1968 706 2053 hospitalis
763 1968 1054 2033 eiusdem
1108 1989 1226 2051 pro
1285 1967 1654 2032 elemosinis
1700 1967 1989 2032 fidelium
2035 1969 2118 2034 ad
2166 1970 2702 2033 sustentationem

153 2076 550 2141 infirmorum
597 2082 662 2140 et
705 2096 1064 2158 pauperum
1121 2073 1498 2157 colligendis
1553 2075 1938 2157 recipientes
1992 2076 2258 2159 ylariter
2312 2097 2388 2141 ac
2433 2075 2703 2141 honeste

154 2169 538 2264 tractantes,
611 2181 1072 2265 parrochianos
1146 2187 1394 2246 vestros
1468 2182 1785 2246 moneatis
1848 2184 2158 2247 attentius
2224 2189 2290 2247 et
2353 2181 2704 2247 efficaciter

155 2290 473 2355 inducatis
521 2290 588 2353 in
623 2289 1069 2353 remissionem
1103 2289 1195 2352 eis
1228 2308 1308 2351 ex
1339 2292 1526 2370 parte
1557 2293 1782 2353 nostra
1811 2290 2259 2371 peccaminum
2288 2289 2702 2372 iniungendO,

32 2418 35 2425 ·
157 2403 222 2460 ut
274 2396 532 2478 nuncijs
592 2396 752 2478 ipsis
809 2400 999 2478 grata
1051 2394 1346 2460 subsidia
1400 2399 1467 2459 et
1516 2395 1660 2478 pias
1717 2394 2102 2461 elemosinas
2155 2396 2515 2479 largiantur
2532 2446 2548 2478 ,
2613 2398 2708 2460 ita

159 2508 257 2586 ut,
311 2503 493 2586 quod
547 2500 944 2585 pauperibus
1002 2500 1395 2566 contulerint
1415 2549 1431 2581 ,
1486 2501 1557 2563 in
1611 2501 1883 2568 celestes
1929 2502 2270 2568 thesauros
2315 2524 2433 2587 per
2477 2524 2706 2568 manus

158 2609 526 2674 eorumdem
588 2630 947 2692 pauperum
1014 2608 1404 2674 deferantur.
1497 2607 1750 2690 Legata
1813 2615 1895 2679 et,
1930 2607 2085 2674 fidei
2139 2612 2485 2675 commissa
2530 2611 2622 2675 eis
2669 2631 2709 2674 a

158 2716 614 2782 decedentibus
660 2717 729 2779 in
774 2721 1164 2781 testamento
1209 2715 1312 2781 vel
1358 2715 1590 2779 ultima
1633 2716 1967 2781 voluntate
2011 2717 2240 2782 relicta
2285 2717 2538 2782 faciatis
2586 2719 2708 2782 eis-

157 2822 295 2888 dem
360 2845 511 2888 cum
574 2823 949 2906 integritate
1013 2822 1313 2906 persolvi.
1406 2821 1930 2888 Contradictores
1987 2830 2107 2888 etc.
2158 2845 2364 2907 usque
2408 2826 2728 2913 {compes-'

158 2930 352 2995 cendo
374 2980 392 3012 ,
460 2929 837 2994 mandatum
900 2935 1193 2993 nostrum
1258 2929 1477 2994 taliter
1539 2929 1898 3013 impleturi,
1965 2930 2139 3014 quod
2215 2938 2432 3015 preter
2497 2930 2710 2995 divine

156 3036 637 3102 retributionis2
681 3037 978 3118 gratiam,
1012 3057 1209 3118 quam
1242 3057 1321 3100 ex
1350 3035 1474 3101 hoc
1511 3037 1808 3119 poteritis
1854 3038 2227 3120 promereri,
2276 3059 2393 3102 nos
2430 3038 2613 3102 vobis
2646 3044 2715 3103 et

159 3144 444 3227 ecclesijs
489 3143 722 3208 vestris
769 3143 1180 3207 constituetis
1229 3142 1457 3207 exinde
1504 3142 1851 3207 debitores.
1946 3142 2190 3208 Datum
2238 3150 2358 3209 etc.

328 3375 591 3441 Mense
623 3373 1069 3439 Decembris
1117 3374 1411 3439 decimo
1444 3373 1610 3438 Kal.
1645 3373 1991 3457 Ianuarij
2044 3375 2242 3458 apud
2273 3374 2711 3441 Viterbium

165 3480 506 3548 dominus
539 3480 985 3545 Alexander
1029 3502 1227 3564 papa
1256 3479 1417 3545 ΠΙΙ.
1467 3501 1662 3545 anno
1710 3487 1987 3564 quarto
2035 3481 2546 3564 pontificatus
2595 3484 2712 3547 sui

164 3589 544 3673 precepit,
619 3593 702 3651 ut
772 3586 1064 3652 fratres
1136 3585 1555 3670 hospitalis
1631 3587 1893 3652 domus
1972 3593 2236 3652 sancte
2312 3589 2551 3655 Marie
2625 3590 2713 3655 de

165 3695 452 3760 monte³
498 3693 794 3759 Cinisio
861 3694 1154 3758 ordinis
1216 3694 1466 3757 sancti
1511 3695 1929 3778 Augustini
1984 3694 2488 3760 Taurinensis
2552 3695 2714 3760 dio-

168 3803 355 3867 cesis
392 3801 771 3866 haberent
808 3800 895 3864 de
944 3805 1201 3864 cetero
1248 3799 1460 3864 illam
1506 3800 2096 3884 indulgentiam:
2135 3807 2161 3886 ΙΙ
2200 3801 2415 3884 „Cum
2464 3801 2716 3867 dilectis
2754 3822 2875 3877 Fol.
2914 3823 3034 3876 67¹³.

169 3905 352 3990 filijs“
379 3959 393 3973 .
427 3958 440 3973 .
475 3929 640 3972 cum
673 3928 806 3971 suo
839 3907 1101 3988 titulo,
1135 3905 1388 3971 verbis
1438 3914 1961 3991 competenter
2005 3909 2350 3990 mutatiS,
2386 3909 2548 3974 sine
2579 3909 2717 3972 illo

169 4018 411 4081 tamen
456 4014 831 4098 capitulo,
881 4013 1081 4096 quod
1130 4014 1240 4076 sic
1285 4013 1591 4097 incipit:
1643 4013 1812 4079 Sane
1860 4017 2167 4099 quoniam
2215 4037 2255 4080 a
2298 4017 2541 4080 nostris
2574 4036 2716 4099 pre-

172 4118 607 4187 decessoribus
654 4126 756 4186 est
800 4126 1118 4185 statutum
1164 4120 1447 4202 usque4
1487 4120 1863 4185 nullatenus
1910 4123 2300 4206 presumatis
2349 4124 2532 4187 etc.4

341 4391 360 4423 ¹
397 4391 517 4445 Aus
552 4391 747 4445 nuntio
782 4389 929 4445 korr.
967 4388 1116 4445 wohl
1152 4405 1263 4443 von
1309 4386 1598 4443 derselben
1637 4388 1823 4443 Hand.
2059 4389 2081 4423 ²
2115 4390 2184 4445 In
2220 4391 2321 4445 der
2355 4389 2721 4446 Handschrift

176 4484 346 4545 preter
396 4480 773 4534 retributionis
828 4479 930 4531 mit
983 4478 1092 4533 den
1147 4478 1240 4532 die
1294 4475 1551 4547 Stellung
1603 4477 1929 4532 andernden
1983 4477 2235 4534 Strichen
2290 4479 2381 4534 bei
2437 4479 2719 4535 letzterem

178 4563 374 4711 ἓξὲξ.
555 4567 576 4599 ³
611 4568 686 4622 Es
721 4567 883 4622 stand
922 4573 1136 4622 montes
1182 4566 1271 4620 da.
1345 4564 1464 4619 Das
1515 4582 1542 4619 s
1592 4571 1682 4620 rot
1717 4566 2219 4637 durchgestrichen.
2400 4569 2422 4600 ⁴
2458 4570 2526 4623 In
2572 4574 2721 4624 roter

278 4762 460 4818 Em,
497 4763 666 4805 Thood.
697 4763 756 4805 de
781 4762 943 4815 Nyem.
2259 4752 2291 4801 9
