3242 5184
128 469 246 523 Fol.
288 473 354 522 65
366 471 406 523 b.

1468 289 1957 354 ——126—

630 473 655 552 ΙΙ
673 466 835 532 Cum
882 467 1134 532 dilectis
1179 465 1332 549 filijs
1370 465 1682 531 fratribus
1714 465 2054 550 hospitalis
2088 467 2295 529 sancti
2326 464 2562 530 Lazari
2591 465 3001 548 leprosorum

445 575 944 639 Ierosolimitani
1000 573 1300 638 duximus
1354 572 1845 656 indulgendum,
1910 578 1984 637 ut
2028 572 2228 637 semel
2272 573 2340 636 in
2386 594 2554 637 anno
2600 573 3002 655 recipiantur

445 682 513 745 in
559 681 849 764 ecclesijs
899 680 981 745 ad
1030 681 1415 746 elemosinas
1463 679 1889 762 colligendaS,
1955 680 2361 744 universitati
2417 685 2629 744 vestre
2683 700 2799 763 per
2844 699 2999 761 apo-

448 787 677 853 stolica
707 789 951 871 scripta
980 788 1410 871 precipientes
1443 787 1848 868 mandamus,
1896 787 2223 869 quatinus,
2257 807 2405 850 cum
2435 786 2669 850 fratres
2701 786 2827 869 ipsi
2875 791 2997 849 etc.

447 915 653 977 usque
685 895 885 959 semel
920 895 987 958 in
1026 916 1197 959 anno
1233 893 1408 973 fient,
1455 894 1823 958 nullatenus
1855 900 2286 978 preponentes
2319 900 2441 958 etc.
2474 914 2680 974 usque
2713 893 2998 976 pietatiS.

446 1001 547 1065 De
591 1001 1034 1084 parrochianis
1080 1008 1297 1066 autem
1342 1002 1593 1082 vestris,
1643 1002 1755 1083 qui
1801 999 2024 1065 domos
2071 1006 2192 1064 etc.
2241 1021 2449 1083 usque
2494 1001 2561 1063 in
2607 999 2819 1064 finem.

625 1107 993 1174 Dominus
1067 1129 1242 1174 vero
1301 1107 1745 1172 Alexander
1818 1128 2015 1191 papa
2084 1106 2348 1171 ΙΠΙωιειΙ
2418 1106 2504 1172 X.
2578 1106 2745 1171 Kal.
2814 1106 2997 1188 Iulij

450 1214 648 1298 apud
693 1215 1122 1297 Anagniam
1178 1216 1416 1298 primo
1475 1236 1670 1279 anno
1735 1213 2246 1296 pontificatus
2304 1215 2422 1278 sui
2479 1215 2856 1297 precepit,
2921 1218 3005 1276 ut

450 1322 638 1385 dicti
685 1322 1055 1404 magister
1101 1328 1177 1386 et
1221 1321 1512 1385 fratres
1559 1320 1975 1404 hospitalis
2024 1323 2272 1385 sancti
2318 1321 2600 1386 Lazari
2654 1321 3003 1404 leproso-

449 1450 610 1492 rum
665 1427 1279 1494 Ierosolimitani
1344 1427 1432 1491 de
1488 1434 1745 1492 cetero
1800 1427 2136 1493 habeant
2199 1426 2685 1511 subscriptas
2752 1426 3005 1490 indul-

448 1536 751 1618 gentias
800 1556 963 1599 cum
1010 1535 1171 1599 suis
1218 1534 1504 1615 titulis,
1539 1534 1942 1599 videlicet:
1992 1534 2381 1617 „Querelam
2413 1542 2738 1618 gravem“.
2819 1534 3006 1616 „Non

326 1653 337 1657 ’
451 1642 698 1725 absque
744 1641 1005 1708 dolore“
1055 1647 1168 1706 et2
1223 1640 1454 1724 „Circa
1500 1662 1699 1726 opera
1743 1642 2046 1726 pietatis“
2096 1648 2218 1706 etc.

146 3871 265 3925 Fol.
306 3875 371 3923 66
387 3877 425 3923 ⁸.

628 1838 820 1903 Item
866 1837 1063 1907 idem
1110 1837 1461 1902 dominus
1492 1838 1934 1903 Alexander
1978 1860 2176 1922 papa
2219 1839 2461 1923 primo
2510 1859 2707 1903 anno
2754 1838 3009 1921 ponti-

453 1945 734 2010 ficatus
782 1945 899 2008 sui
947 1944 1146 2028 apud
1177 1944 1580 2028 Neapolim
1611 1944 1727 2010 VI.
1760 1945 1945 2011 Idus
1978 1946 2238 2028 Martij
2290 1946 2665 2030 precepit,
2700 1944 2905 2028 quod
2938 1994 2953 2009 .
2994 1994 3008 2008 .

453 2053 823 2135 magister
899 2057 973 2117 et
1047 2051 1330 2116 fratres
1407 2052 1827 2136 hospitalis
1906 2051 2132 2117 beate
2196 2052 2440 2117 Marie
2504 2051 2595 2116 ad
2661 2060 3012 2116 sanctum

455 2159 758 2224 Gallum
823 2158 1268 2224 Florentini
1332 2151 1420 2223 de
1476 2166 1731 2224 cetero
1795 2159 2132 2225 habeant
2196 2159 2686 2242 subscriptas
2753 2158 3013 2223 indul-

452 2267 754 2347 gentias
793 2286 960 2329 cum
992 2267 1154 2330 suis
1186 2266 1445 2330 titulis
1478 2266 1880 2332 videlicet:
1917 2265 2028 2348 „Si
2045 2268 2228 2331 iuxta
2248 2267 2633 2331 sententiam
2654 2266 3013 2349 sapientis‘!

457 2371 848 2453 „Querelam
894 2379 1196 2455 gravem“
1246 2373 1358 2438 et2
1406 2372 1637 2456 „Circa
1683 2395 1881 2458 opera
1925 2374 2269 2457 pietatis“,
2325 2379 2554 2457 prout
2606 2373 2893 2438 habent
2942 2422 2956 2437 .
2998 2423 3014 2436 .

456 2481 827 2563 magister
873 2487 947 2545 et
993 2480 1277 2546 fratres
1325 2480 1740 2564 hospitalis
1789 2481 1878 2563 de
1923 2480 2348 2564 Altopassu
2395 2480 2575 2545 etc.³

633 2676 826 2741 Item
872 2677 1219 2741 dominus
1250 2676 1756 2741 Innocentius
1803 2698 2000 2761 papa
2029 2676 2190 2741 IIH.
2226 2676 2422 2761 apud
2453 2676 2734 2742 Urbem
2780 2676 3018 2740 unde-

458 2785 648 2848 cimo
704 2805 903 2848 anno
951 2783 1461 2867 pontificatus
1510 2786 1629 2847 sui
1674 2784 2049 2868 precepit,
2106 2789 2190 2847 ut
2237 2833 2251 2848 .
2294 2832 2308 2847 .
2357 2785 2567 2867 prior
2613 2790 2687 2848 et
2732 2788 3021 2848 iratres

458 2891 789 2956 ecclesie
823 2898 1083 2956 sancte
1115 2890 1355 2955 Marie
1386 2889 1841 2971 Magdalene
1877 2891 2134 2975 pontis
2174 2896 2247 2954 et
2290 2889 2700 2974 hospitalis
2751 2890 2838 2955 de
2869 2891 3021 2955 La-

457 2999 683 3062 vania
727 2998 1138 3062 Ianuensis
1187 2997 1520 3062 diocesis
1570 2996 1911 3084 [habeant]
1952 2997 2437 3080 subscriptas
2484 2997 3021 3081 indulgentias

459 3127 622 3173 cum
670 3105 828 3169 suis
877 3104 1169 3187 titulis,
1211 3104 1615 3169 videlicet:
1667 3104 1779 3187 „Si
1817 3105 2041 3169 iuxta“
2078 3103 2509 3187 „Querelam“
2545 3103 2777 3186 „Circa
2820 3126 3027 3189 opera

458 3212 764 3295 pietatis“
799 3232 945 3275 cum
978 3214 1113 3277 suis
1146 3211 1639 3293 adiectionibuS,
1673 3232 1834 3293 quas
1866 3211 2039 3275 idem
2069 3233 2241 3294 papa
2271 3212 2564 3295 precepit
2608 3214 2867 3296 apponi.
2949 3212 3024 3277 Si

456 3320 642 3381 iuxta
673 3318 1062 3383 sententiam
1095 3325 1214 3383 etc.
1241 3340 1448 3402 usque
1482 3317 1805 3400 exhibere,
1828 3318 1940 3401 qui
1973 3339 2118 3382 cum
2151 3325 2385 3383 vacant
2413 3319 2675 3402 pietatis
2710 3319 3024 3403 operibus

461 3425 970 3508 hospitalitatem
1028 3414 1335 3490 sectando
1384 3431 1449 3491 et
1495 3426 1692 3489 etiam
1739 3424 2006 3489 utilitati
2052 3426 2266 3509 pontis
2312 3425 2613 3490 videlicet
2656 3426 3025 3491 insistendo

461 3531 732 3616 edificijs
780 3531 1104 3598 deservire
1151 3533 1472 3598 laborant.
1567 3531 1728 3597 Cum
1774 3532 1972 3615 igitur
2018 3531 2237 3597 dilecti
2283 3531 2397 3615 filij
2448 3534 2626 3616 prior
2672 3540 2739 3598 et
2783 3534 3023 3598 fratres

468 3639 737 3703 ecclesie
793 3644 1015 3703 sancte
1069 3638 1277 3704 Marie
1321 3638 1707 3722 Magdalene
1770 3640 1985 3722 pontis
2052 3645 2119 3704 et
2173 3637 2514 3722 hospitalis
2580 3638 2659 3703 de
2724 3640 3025 3705 Lavania

461 3744 803 3810 Ianuensis
852 3745 1126 3811 diocesis
1174 3746 1258 3810 ad
1306 3744 1689 3810 servandam
1746 3744 2253 3828 hospitalitatem
2308 3747 2376 3810 in
2432 3746 2657 3811 eodem
2711 3746 3025 3831 hospitali

474 3857 499 3936 ΙΙ
542 3859 608 3917 et
653 3853 736 3917 ad
784 3852 1331 3917 manutenendum
1377 3858 1640 3936 pontem
1706 3851 1783 3916 de
1830 3849 2122 3916 Lavania
2183 3853 2474 3918 totaliter
2536 3873 2605 3918 se
2672 3860 3024 3937 exponant,

464 3980 800 4023 monemus
847 3960 1338 4024 universitatem
1393 3964 1675 4023 vestram
1736 3964 1802 4023 et
1845 3957 2183 4023 hortamur
2228 3960 2294 4022 in
2333 3960 2593 4025 domino
2640 3966 2762 4025 etc.
2814 3981 3026 4044 usque

466 4065 894 4146 conferentur,
929 4071 1004 4130 ut
1034 4065 1473 4130 subveniendo
1504 4065 1748 4131 talibus
1782 4067 2112 4131 seminetis
2143 4067 2212 4130 in
2243 4068 2455 4151 terriS,
2505 4066 2677 4150 quod
2710 4068 3030 4133 reddente

465 4173 725 4238 domino
790 4194 934 4237 cum
999 4172 1426 4256 multiplicato
1479 4172 1694 4238 fructu
1749 4173 2143 4257 recolligatis
2198 4175 2265 4237 in
2320 4174 2478 4239 celis
2535 4196 2682 4239 cum
2729 4175 3030 4259 apostolo

636 4389 655 4420 ¹
680 4387 990 4442 Handschr.
1018 4393 1092 4442 to.
1192 4388 1214 4418 ²
1239 4394 1296 4442 et
1319 4389 1377 4441 in
1402 4394 1551 4444 roter
1573 4387 1795 4442 Schrift.
1888 4387 1911 4419 ⁸
1932 4388 2044 4445 Am
2069 4388 2265 4443 Raude
2291 4388 2438 4443 links
2462 4394 2623 4458 rotoe,
2649 4396 2798 4446 etwa
2822 4397 2856 4445 4
2882 4391 3030 4445 Ctm.

466 4476 636 4531 hohes
661 4483 806 4532 rotes
842 4477 1029 4531 Kreuz
1066 4478 1166 4530 mit
1201 4479 1337 4533 zwei
1373 4476 1748 4546 Querbalken,
1785 4477 1955 4532 deren
1992 4483 2215 4532 unterer
2250 4477 2446 4549 liinger
2480 4479 2565 4533 als
2600 4479 2700 4533 der
2735 4480 2904 4534 obere
2939 4481 3031 4533 ist.
3065 4514 3070 4523 ·

466 4566 575 4620 Die
610 4565 830 4620 Balken
865 4583 1045 4637 gegen
1082 4567 1183 4620 das
1228 4563 1431 4620 aussere
1474 4567 1632 4621 Ende
1668 4566 1765 4619 hin
1802 4566 2070 4621 verdickt.
2150 4566 2274 4621 Ans
2313 4568 2438 4622 dem
2481 4568 2705 4622 Kreuze
2746 4569 2896 4624 steht
2936 4570 3031 4622 die

468 4654 816 4709 Florentiner
850 4654 1011 4711 Lilie.
