3242 5184
182 1038 299 1094 Fol.
339 1044 406 1093 29
420 1037 462 1094 ¹².

1564 319 2007 384 —54—

501 521 630 564 non
674 498 984 582 percepit,
1025 499 1167 565 ‚sive
1215 497 1295 561 de
1342 496 1501 561 ortis
1549 501 1616 559 et
1670 493 1964 577 virgultis
2020 499 2086 557 et
2138 493 2609 577 piscationibus
2665 494 2899 558 vestris
2957 492 3075 558 vel

501 604 580 669 de
625 604 1040 669 nutrimentis
1087 602 1467 668 animalium
1495 606 1879 682 vestrorum,
1925 599 2143 664 nullus
2181 622 2221 665 a
2256 621 2336 665 vo
2345 600 2440 665 bis
2478 600 2763 665 decimas
2802 601 3077 684 exigere

497 710 601 775 vel
654 717 1038 794 extorquere
1093 702 1445 794 presumat.
1536 707 1995 772 Interdicimus
2048 728 2201 772 vero
2258 707 2577 790 episcopis
2632 712 2700 772 et
2753 707 2902 790 alijs
2961 728 3076 772 ec-

501 816 845 882 clesiarum
901 818 1200 901 prelatis,
1256 817 1382 881 nisi
1438 821 1693 880 servato
1750 814 2098 879 evectionis
2161 835 2430 879 numero
2493 815 2563 878 in
2624 814 3076 882 Lateranensi

500 923 771 990 concilio
838 925 1221 1006 constituto,
1277 924 1345 987 in
1398 923 1629 988 vestris
1685 923 2098 1005 monasterijs
2152 921 2492 1004 hospitari.
2592 921 2699 986 Ad
2754 923 3075 1006 grangias

501 1036 720 1097 autem
771 1035 1021 1095 vestras
1083 1036 1149 1095 et
1202 1030 1287 1095 ad
1342 1035 1557 1095 curtes
1611 1028 1987 1113 hospitandi
2041 1029 2263 1111 gracia
2318 1049 2448 1094 non
2493 1029 2619 1093 nisi
2662 1030 2731 1094 in
2768 1030 2786 1119 Η
2822 1052 3078 1113 magna

500 1138 887 1203 necessitate
935 1137 1260 1202 divertant
1304 1143 1371 1201 et
1415 1142 1569 1201 tunc
1626 1137 1911 1202 contenti
1967 1136 2096 1200 sint
2148 1136 2437 1219 ipsarum
2494 1136 2903 1201 mansionum
2957 1160 3074 1221 cy-

501 1244 704 1329 barijs
754 1245 1079 1310 consuetis
1118 1265 1264 1309 cum
1301 1244 1642 1310 honestate
1680 1249 1877 1326 atque
1914 1243 2187 1308 caritate
2226 1241 2552 1308 exhibitis.
2627 1242 2806 1307 Nulli
2841 1250 3077 1310 autem

504 1352 780 1417 seculari
843 1372 1116 1435 persone
1176 1351 1280 1415 vel
1343 1351 1779 1415 ecclesiastice
1852 1351 1920 1414 in
1993 1349 2215 1432 aliqua
2289 1349 2625 1414 domorum
2697 1356 3076 1417 vestrarum

501 1458 699 1523 liceat
744 1458 1049 1523 carnibus
1094 1458 1269 1522 vesci
1306 1458 1431 1522 nisi
1468 1456 1813 1523 manifeste
1850 1455 2233 1539 egritudinis
2273 1477 2490 1538 causa,
2539 1462 2605 1520 et
2639 1456 2762 1521 hoc
2798 1457 2867 1521 in
2906 1459 3073 1523 solis

502 1565 915 1649 monasterijs
962 1564 1496 1630 conventualibus
1541 1564 1794 1628 vestris.
1886 1562 2313 1627 Prohibemus
2361 1564 2652 1646 insuper,
2708 1585 2791 1629 ne
2838 1564 3074 1647 aliqua

499 1692 779 1756 persona
824 1671 1060 1736 fratres
1108 1670 1350 1736 ordinis
1387 1670 1586 1735 vestri
1636 1668 1875 1735 audeat
1919 1669 2004 1734 ad
2052 1669 2371 1734 secularia
2406 1670 2649 1734 iudicia
2684 1693 3070 1754 provocare.

501 1777 629 1843 Sed
678 1778 733 1842 si
793 1779 938 1861 quis
985 1777 1297 1842 adversus
1343 1798 1453 1843 eos
1502 1776 1749 1860 aliquid
1797 1776 1922 1841 sibi
1968 1776 2315 1841 crediderit
2359 1776 2439 1841 de
2485 1777 2627 1841 iure
2674 1783 3072 1861 competere,

503 1885 624 1950 sub
672 1884 1096 1949 ecclesiastici
1143 1885 1438 1948 examine
1483 1882 1703 1966 iudicij
1756 1881 2127 1966 experiendi
2171 1883 2414 1948 habeat
2460 1882 2855 1950 facultatem.
2949 1884 3073 1951 Li-

502 1992 701 2057 citum
757 1970 1056 2076 preterea
1100 1990 1283 2056 vobis
1340 1991 1426 2054 sit
1480 1990 1547 2054 in
1595 1990 1808 2054 causis
1854 1990 2086 2054 vestris
2133 1989 2369 2055 fratres
2415 1990 2700 2073 ydoneos
2746 1992 2831 2057 ad
2874 1996 3073 2059 testi-

500 2098 827 2163 ficandum
873 2097 1196 2162 adducere
1244 2102 1578 2187 eteorum
1614 2097 2008 2179 testimonio,
2058 2098 2226 2161 sicut
2261 2103 2511 2162 rectum
2547 2097 2762 2181 fuerit,
2811 2106 2877 2165 et
2913 2123 3074 2185 pro-

500 2206 762 2290 pulsare
808 2204 1182 2269 violentiam
1226 2210 1293 2269 et
1336 2204 1664 2268 iusticiam
1709 2203 2073 2269 vendicare.
2167 2201 2596 2268 Prohibemus
2655 2227 2932 2289 quoque,
2978 2230 3073 2276 ne

500 2311 766 2378 cuilibet
796 2310 1231 2377 ecclesiastice
1265 2310 1420 2397 [vel]
1455 2311 1731 2375 seculari
1775 2331 2051 2393 persone
2097 2309 2197 2375 fas
2246 2311 2331 2374 sit
2374 2311 2442 2374 in
2489 2312 2779 2396 ecclesijs
2826 2316 3073 2380 vestris

500 2423 726 2484 contra
789 2421 1036 2483 statuta
1096 2417 1559 2483 Lateranensis
1624 2417 1875 2500 concilij
1931 2417 2149 2481 tallias
2217 2437 2520 2482 exercere
2574 2417 2677 2481 vel
2731 2419 3073 2501 quaslibet

500 2526 664 2591 alias
710 2524 892 2590 vobis
939 2523 1193 2608 ineptas
1251 2529 1318 2588 et
1370 2524 1629 2607 iniquas
1648 2525 1670 2562 1
1728 2524 2097 2588 exactiones
2153 2524 2501 2607 imponere.
2603 2523 3073 2592 Interdicimus

501 2634 699 2698 etiam
744 2632 947 2713 vobiS,
994 2651 1076 2695 ne
1120 2629 1316 2712 feraS,
1364 2650 1537 2712 aves,
1585 2651 1777 2695 canes
1817 2631 1949 2695 sive
1987 2635 2205 2694 cetera
2248 2629 2617 2695 huiusmodi
2663 2631 3071 2698 curiositatis

500 2738 809 2804 animalia
855 2760 895 2803 a
941 2736 1234 2819 quolibet
1277 2736 1694 2801 nutriendum
1742 2738 1875 2801 sive
1921 2735 2414 2801 custodiendum
2450 2737 2520 2800 in
2567 2737 3069 2823 detractionem,

499 2846 698 2910 vestri
746 2844 989 2910 ordinis
1037 2843 1364 2925 suscipere
1409 2844 1821 2927 presumatis.
1913 2843 2119 2909 Porro
2173 2850 2248 2908 ut
2303 2844 2586 2927 quietius
2643 2843 2762 2908 deo
2818 2846 3070 2912 servire

500 2951 804 3036 possitis²
850 2956 917 3014 et
963 2948 1367 3014 discurrendi
1398 2971 1438 3014 a
1483 2950 1665 3015 vobis
1711 2951 2067 3015 necessitas
2105 2949 2457 3032 auferatur,
2495 2952 2781 3034 presenti
2818 2953 3068 3036 scripto

500 3057 800 3122 duximus
831 3054 1314 3139 indulgendum,
1362 3062 1454 3139 ut,
1503 3057 1559 3121 si
1606 3057 1924 3140 episcopis
1970 3059 2204 3122 vestris
2242 3063 2356 3122 aut
2393 3057 2722 3122 maliciose
2760 3057 3066 3124 differen-

498 3162 675 3228 tibus
737 3162 841 3226 vel
902 3184 1020 3246 pro
1085 3162 1258 3226 iusto
1332 3163 1793 3246 impedimento
1856 3186 1986 3230 non
2047 3164 2414 3230 valentibus
2480 3164 2927 3231 ordinaciones
2994 3174 3068 3230 et

501 3275 719 3334 cetera
777 3269 1216 3333 ecclesiastica
1270 3270 1635 3334 ministeria
1698 3270 1879 3335 vobis
1945 3270 2236 3336 conferre
2310 3270 2594 3354 aliquem
2659 3272 3059 3355 episcopum,

501 3376 579 3441 de
627 3377 813 3440 cuius
860 3376 1274 3441 ordinacione
1323 3382 1388 3440 et
1434 3376 1640 3442 offitio
1685 3378 1879 3460 plena
1925 3378 2010 3441 sit
2046 3376 2230 3443 vobis
2268 3378 2529 3460 noticia,
2576 3377 2900 3462 hospitem
2944 3400 3060 3444 vos

498 3481 740 3548 habere
788 3483 1151 3566 contigerit,
1198 3482 1473 3549 liberum
1522 3484 1609 3547 sit
1653 3483 1836 3548 vobis
1885 3484 1968 3548 ab
2016 3505 2091 3548 eo
2130 3489 2196 3549 et
2233 3484 2679 3550 ordinaciones
2725 3491 2793 3549 et
2838 3490 3061 3550 cetera

500 3593 908 3654 sacramenta
955 3589 1313 3672 suscipere,
1376 3589 1529 3654 dum
1585 3595 1805 3655 tamen
1859 3591 2285 3674 preiudicium
2341 3590 2703 3673 dyocesano
2751 3592 3057 3677 episcopo

497 3717 628 3761 non
686 3694 925 3760 debeat
978 3697 1293 3778 generari.
1396 3695 1708 3761 Preterea
1762 3696 2200 3780 postulatione
2255 3703 2473 3762 vestra
2528 3697 2911 3762 clementius
2958 3698 3056 3761 in-

499 3802 725 3866 clinati
769 3802 1057 3885 presenti
1102 3803 1342 3884 pagina
1388 3801 1689 3866 duximus
1735 3802 2178 3884 inhibendum,
2225 3825 2306 3868 ne
2343 3806 2489 3886 quis
2529 3803 3056 3888 archiepiscopus

498 3908 597 3972 vel
653 3909 992 3992 episcopus
1050 3915 1165 3972 aut
1223 3929 1445 3974 eorum
1499 3908 1796 3974 officialis
1853 3909 2159 3974 ecclesias
2226 3916 2476 3976 vestras
2542 3932 2657 3975 seu
2718 3913 3054 3993 regulares

497 4035 807 4098 personas
864 4036 1087 4079 earum
1144 4015 1390 4098 absque
1445 4015 1792 4080 manifesta
1847 4022 1914 4080 et
1965 4016 2339 4081 rationabili
2403 4039 2600 4082 causa
2662 4018 3051 4084 interdicere

498 4142 613 4185 seu
645 4121 1037 4204 suspendere
1068 4128 1421 4205 presumat.
1506 4121 1636 4187 Sed
1668 4124 1724 4187 si
1763 4123 1918 4206 quid
1950 4124 2017 4187 in
2065 4124 2157 4188 eis
2203 4123 2402 4189 fuerit
2446 4124 2918 4208 corrigendum,
2968 4126 3049 4192 ad

496 4228 902 4293 audienciam
927 4228 1247 4311 generalis
1286 4228 1553 4313 capituli
1581 4228 2205 4295 Premonstratensis
2243 4230 2564 4296 referatur
2601 4237 2666 4296 et
2703 4231 2815 4314 ibi,
2854 4239 3047 4316 prout

494 4335 750 4400 iusticie
797 4339 863 4399 et
905 4335 1234 4400 honestati
1281 4337 1676 4418 congruerit,
1736 4336 2130 4401 emendetur.
2234 4335 2439 4403 Porro
2497 4338 2554 4424 si
2600 4340 2712 4422 qui
2758 4340 3044 4424 episcopi

675 4585 694 4616 ¹
729 4586 751 4638 i
785 4584 1057 4640 zwischen
1081 4586 1139 4638 in
1163 4585 1278 4638 und
1304 4603 1441 4655 quas
1466 4603 1577 4641 von
1600 4587 1835 4642 anderer
1858 4585 2027 4640 Hand
2063 4589 2165 4641 mit
2201 4587 2499 4643 dunklerer
2524 4587 2691 4643 Tinte
2728 4591 3037 4661 eingesetzt.

496 4674 517 4707 ²
552 4674 678 4730 Von
714 4674 946 4730 anderer
982 4674 1151 4729 Hand
1189 4676 1290 4728 mit
1326 4674 1621 4730 dunklerer
1658 4675 1825 4731 Tinte
1862 4694 1962 4731 aus
1997 4678 2225 4747 potestis
2261 4676 2573 4749 korrigiert.
