3242 5184
228 1997 340 2051 Pol.
382 2002 448 2051 76
460 2003 498 2050 ⁸.

1559 355 1646 360 ψ-
1742 316 1867 377 148
1960 355 2048 359 —

705 493 1356 559 Excommunicamus
1390 497 1455 556 et
1486 491 2107 556 anathematizamus
2142 512 2220 554 ex
2250 498 2437 575 parte
2469 491 2574 555 dei
2620 492 3063 575 omnipotentis

531 602 734 686 patris
783 606 849 665 et
890 598 1005 683 filij
1058 605 1124 663 et
1168 600 1433 683 spiritus
1467 601 1696 680 sancti,
1745 600 2130 664 auctoritate
2169 619 2426 681 quoque
2458 597 2795 662 beatorum
2824 605 3067 682 aposto-

529 710 740 773 lorum
784 707 968 771 Petri
1013 713 1078 771 et
1123 706 1312 771 Pauli
1361 712 1425 771 et
1470 712 1695 770 nostra
1749 727 1970 770 omnes
2026 706 2313 786 clericOS,
2373 705 2705 786 religiosos
2755 711 2820 769 et
2862 705 3069 789 laycos

531 819 871 897 utriusque
920 834 1110 878 sexus
1128 814 1171 894 ¹,
1230 814 1362 878 sive
1415 814 1546 877 sint
1592 812 1943 877 familiares
1996 813 2173 879 curie
2224 813 2356 876 sive
2408 812 2517 895 alij
2572 812 3068 894 undecumque2,

533 924 645 1004 qui
691 921 953 1004 aliquod
1000 925 1263 1004 pactum
1309 920 1580 984 fecerint
1626 940 1741 983 seu
1787 919 2031 1001 aliquid
2079 941 2349 1002 parvum
2384 919 2481 983 vel
2512 939 2817 1001 magnum
2849 919 3070 1002 promi-

534 1031 738 1094 serint
790 1029 890 1093 vel
944 1028 1437 1111 promissionem
1492 1013 1857 1110 receperint
1911 1033 2024 1091 aut
2078 1048 2156 1090 ex
2214 1031 2404 1110 pacto
2462 1027 2595 1090 sive
2659 1027 3071 1110 promissione

533 1136 786 1200 occulta
813 1135 917 1200 vel
946 1134 1307 1216 manifesta,
1356 1134 1529 1198 facta
1567 1133 1686 1197 sub
1718 1132 2129 1215 generalibus
2164 1138 2230 1197 et
2258 1133 2546 1216 plenarie
2577 1155 2707 1197 non
2740 1133 3071 1216 expressiS,

535 1244 667 1307 sive
723 1243 842 1306 sub
901 1242 1291 1325 specialibus
1346 1246 1412 1305 et
1465 1241 1787 1324 expressis
1834 1247 2056 1323 aperte
2112 1238 2356 1320 verbiS,
2406 1241 2744 1322 quitquam
2794 1240 3075 1305 dederint

536 1355 649 1413 aut
692 1350 1055 1432 receperint
1098 1369 1403 1430 magnum
1447 1348 1548 1411 vel
1594 1368 1867 1430 parvum
1913 1346 2014 1411 vel
2045 1347 2535 1431 promissionem
2568 1346 2647 1410 de
2680 1366 3073 1428 quacumque

534 1477 605 1519 re
651 1476 728 1519 ac
773 1456 1055 1520 utilitate
1101 1460 1365 1538 propter
1410 1453 1533 1519 hoc
1580 1453 2037 1535 consequenda
2082 1452 2352 1517 fecerint
2379 1454 2495 1517 *vel
2553 1455 2919 1536 receperint
2970 1474 3072 1535 pro

534 1561 754 1645 aliqua
797 1562 1056 1627 iusticia
1102 1563 1235 1626 sive
1280 1562 1500 1644 gracia
1544 1582 1663 1644 pro
1708 1580 1779 1623 se
1825 1565 1940 1623 aut
1983 1581 2100 1643 pro
2149 1559 2275 1624 alio
2321 1561 2389 1624 in
2434 1562 2670 1640 causiS,
2717 1562 2786 1623 in
2832 1559 3073 1642 iudicijs

535 1690 651 1733 seu
696 1669 857 1734 alias
903 1690 1020 1752 per
1062 1668 1315 1732 litteras
1361 1667 1750 1750 apostolicas
1784 1671 1849 1730 et
1879 1665 2394 1749 quibuscumque
2425 1666 2633 1732 modis
2665 1667 2842 1749 apud
2874 1666 3076 1731 sedem

538 1776 957 1860 apostolicam
1011 1774 1379 1840 obtinenda.
1462 1773 1553 1838 Et
1602 1774 1772 1838 hanc
1827 1774 2216 1836 sententiam
2271 1774 2809 1858 adpromittentes
2879 1779 2944 1838 et
2986 1793 3076 1836 ac-

539 1887 892 1965 ceptantes,
942 1881 1170 1946 dantes
1204 1887 1270 1946 et
1298 1882 1685 1965 recipientes
1718 1881 2018 1945 duximus
2053 1880 2542 1945 extendendam.
2620 1878 2779 1945 Illos
2813 1899 3076 1962 quoque,

538 1991 651 2070 qui
699 1989 981 2072 aliquem
1032 1989 1335 2053 sciverint
1389 1987 1780 2071 culpabilem
1829 1989 1897 2052 in
1945 1987 2253 2072 predictis
2306 1993 2371 2052 et
2417 1985 2601 2050 nobis
2650 1985 2824 2050 infra
2846 1991 2872 2070 Η
2895 1988 3077 2050 trium

539 2095 789 2160 dierum
821 2096 1104 2179 spatium
1134 2117 1263 2160 non
1294 2094 1639 2159 retulerint
1683 2095 1783 2158 vel
1829 2094 2051 2176 alicui,
2108 2114 2225 2178 per
2278 2114 2471 2177 quem
2531 2093 2614 2157 ad
2659 2114 2777 2156 nos
2826 2093 3078 2157 verbum

539 2201 819 2266 fideliter
863 2202 1261 2287 perferatur,
1331 2201 1526 2266 simili
1582 2200 1987 2265 decernimus
2036 2200 2356 2266 sententie
2404 2199 2758 2264 subiacere.
2855 2200 3077 2265 Decer-

539 2310 752 2374 nimus
792 2310 1008 2390 etiam,
1057 2314 1131 2373 ut
1167 2308 1385 2372 nullus
1417 2309 1753 2372 incurrens
1784 2307 1953 2371 hanc
1985 2306 2670 2373 excommunicationis
2703 2306 3080 2371 sententiam

538 2437 656 2499 pro
703 2414 1009 2498 predictis
1057 2416 1157 2480 vel
1205 2416 1422 2498 aliquo
1468 2414 1906 2499 predictorum
1953 2413 2200 2496 absque
2233 2413 2499 2495 speciali
2529 2411 2841 2481 mandato
2871 2418 3079 2477 nostro

541 2521 967 2586 absolutionis
1016 2521 1400 2587 beneficium
1437 2522 1655 2585 valeat
1701 2521 2027 2603 obtinere,
2077 2521 2203 2584 nisi
2249 2519 2417 2584 forte
2465 2518 2548 2584 ad
2596 2541 2712 2585 nos
2759 2539 3078 2584 recursum

540 2629 780 2693 habere
825 2651 953 2693 non
999 2634 1221 2712 posset
1267 2630 1334 2693 in
1379 2629 1607 2691 mortis
1656 2627 1931 2692 articulo
1980 2628 2390 2709 constitutuS,
2438 2647 2558 2691 nec
2606 2628 2804 2691 etiam
2854 2626 2935 2691 ad
2980 2625 3077 2689 ab·

542 2736 880 2801 solutionis
913 2736 1191 2818 gratiam
1224 2735 1628 2816 admittatur,
1677 2734 1803 2798 nisi
1840 2736 2040 2817 prius,
2075 2740 2388 2816 quantum
2438 2732 2618 2798 dedit
2664 2733 2797 2798 sive
2829 2731 3077 2814 recepit,

541 2840 947 2924 integraliter
990 2841 1388 2925 pauperibus
1434 2842 1768 2924 largiatur.

718 2946 1054 3013 Iusticiam
1111 2969 1261 3012 vero
1317 2948 1417 3012 vel
1470 2950 1756 3030 graciam
1816 2948 1908 3011 sic
1964 2947 2294 3012 obtentam
2352 2946 2593 3009 nullius
2639 2967 2907 3028 prorsus
2953 2964 3079 3009 esse

542 3054 851 3118 momenti
896 3054 1190 3119 volumus
1239 3056 1542 3136 omnique
1589 3074 1811 3118 carere
1858 3055 2202 3119 statuimus
2250 3052 2483 3117 effectu
2530 3059 2597 3116 et
2631 3052 2867 3118 robore
2897 3051 3077 3115 firmi-

541 3163 714 3226 tatis.
781 3160 910 3227 Sed
942 3166 1009 3225 et
1039 3163 1317 3225 scienter
1346 3166 1602 3225 utentes
1639 3162 1798 3243 ipsis
1834 3161 2027 3225 simili
2060 3160 2383 3225 sententia
2414 3157 3077 3224 excommunicationis

542 3268 961 3350 astringimus
1010 3273 1074 3331 et
1118 3273 1525 3332 reservantes
1572 3267 1761 3331 nobis
1811 3266 2283 3332 absolutionem
2330 3286 2554 3329 eorum
2586 3286 2732 3330 cum
2763 3264 3077 3349 premissis

541 3374 608 3436 in
654 3372 954 3439 omnibus
1004 3374 1087 3437 ad
1132 3395 1334 3457 penas
1383 3374 1626 3437 similes
1673 3372 2057 3454 obligamuS.

720 3478 1076 3545 Iurabunt3
1123 3481 1605 3545 abbreviatores
1656 3501 1844 3543 suum
1891 3478 2174 3544 officium
2211 3479 2489 3544 fideliter
2530 3499 2850 3543 exercere.
2926 3476 3076 3540 Item

543 3586 893 3651 servabunt
955 3590 1352 3652 taxationem
1398 3589 1465 3651 in
1529 3588 1699 3651 notis
1766 3588 2036 3668 taxatiS,
2103 3588 2169 3650 in
2234 3587 2381 3670 alijs
2449 3590 2667 3650 autem
2730 3585 2902 3648 notis
2962 3602 3074 3645 non

541 3694 803 3773 taxatiS,
854 3713 978 3774 que
1027 3693 1107 3757 de
1152 3694 1411 3758 iusticia
1457 3693 1718 3773 fuerint,
1768 3692 2036 3757 stabunt
2080 3693 2348 3758 arbitrio
2403 3692 2662 3776 notarij.
2756 3690 2921 3755 Item
2972 3707 3072 3771 pro

543 3800 682 3864 sola
746 3801 1105 3882 signatione
1162 3806 1461 3864 notarum
1525 3800 1628 3864 vel
1700 3804 1851 3864 note
1925 3806 2041 3863 aut
2110 3801 2496 3883 petitionum
2560 3798 2664 3862 vel
2728 3790 3073 3880 petitionis⁴

543 3905 740 3969 nichil
805 3908 1135 3989 recipient.
1247 3906 1417 3970 Item
1483 3928 1610 3971 non
1676 3907 1993 3990 recipient
2055 3907 2399 3989 petitiones
2477 3903 2803 3988 simplices
2877 3906 3070 3985 preter

543 4034 691 4094 eaS,
750 4034 874 4094 que
930 4013 1054 4078 sibi
1112 4012 1190 4077 de
1238 4014 1561 4077 communi
1608 4012 1763 4076 data
1807 4015 2219 4095 provenient,
2277 4013 2404 4077 nisi
2451 4009 2529 4075 de
2576 4010 2881 4075 mandato
2923 4008 3067 4070 vice-

543 4120 908 4201 cancellarij
961 4141 1074 4183 seu
1120 4120 1378 4201 notarij,
1428 4125 1494 4183 et
1537 4119 1656 4183 has
1694 4119 2040 4202 petitiones
2071 4118 2385 4203 recipient
2413 4139 2529 4201 per
2559 4139 2788 4182 manus
2822 4115 3066 4179 duorum

543 4226 642 4290 vel
717 4227 908 4290 unius
986 4227 1219 4290 iurati⁵
1295 4226 1733 4290 distributoris
1812 4246 2072 4306 earum,
2152 4226 2263 4306 qui
2340 4225 2425 4288 sit
2496 4223 2904 4288 abbreviator
2969 4237 3067 4300 per

724 4494 740 4525 ¹
779 4493 1086 4547 Handschr.
1125 4512 1273 4547 sexu.
1455 4493 1477 4522 2
1526 4495 1636 4545 Am
1681 4491 1877 4545 Raude
1922 4491 2069 4545 links
2115 4508 2225 4546 von
2271 4491 2505 4545 anderer
2551 4490 2743 4544 Hand:
2780 4489 2886 4543 alia
2919 4497 3064 4553 supra

544 4583 661 4636 Fol.
700 4582 911 4635 LXIX.
1117 4583 1138 4613 ³
1175 4584 1284 4635 Am
1322 4581 1517 4634 Raude
1557 4598 1667 4635 von
1703 4581 1937 4634 anderer
1973 4579 2166 4634 Hand:
2205 4577 2448 4634 officium
2487 4579 2923 4634 abbreviatorum
2957 4588 3063 4642 pro·

543 4672 858 4741 thonotarij.
966 4671 989 4701 ⁴
1014 4670 1248 4724 Hdschr.
1274 4671 1582 4739 petitiones.
1695 4670 1716 4699 ⁵
1741 4669 1974 4723 Hdschr.
2003 4671 2107 4724 wie
2145 4667 2286 4722 auch
2323 4670 2515 4723 weiter
2548 4675 2745 4722 unten:
2781 4659 3059 4720 iuramenti·
