3242 5184
1272 310 1360 315 *-
1445 272 1527 334 63
1611 311 1699 317 -n

197 447 481 512 ecclesia
545 453 613 511 et
676 468 789 528 ea,
857 467 982 530 que
1056 451 1155 510 est
1237 446 1357 510 sub
1438 467 1837 529 paganorum
1914 447 2210 530 tyranide
2225 497 2240 530 ,
2319 447 2398 513 de
2472 450 2761 533 ipsorum

197 554 527 638 spurcicia
591 554 877 619 eruenda
942 552 1412 636 expungnando
1484 554 1781 619 inimicos
1857 555 2066 618 crucis
2139 543 2385 619 'Christi
2461 557 2759 621 invocato

200 660 446 726 Christi
518 661 777 726 nomine
849 660 1171 743 intrepide
1244 659 1554 725 laboretis
1632 665 1699 725 et
1767 661 1836 723 in
1908 683 2062 725 usus
2135 667 2421 743 vestroS,
2489 683 2614 744 que
2684 662 2762 726 de

202 769 430 852 spolijs
492 768 782 851 ipsorum
847 766 1170 849 ceperitis,
1237 768 1650 849 convertatis,
1724 772 1790 831 et
1855 789 1936 832 ne
2003 767 2080 832 de
2146 767 2272 851 hijs
2330 773 2555 833 contra
2600 768 2762 833 velle

199 881 491 940 vestrum
543 875 914 959 porcionem
968 873 1163 938 alicui
1219 874 1373 938 dare
1442 875 1799 957 cogamini,
1857 874 2301 957 prohibemuS,
2370 880 2760 958 statuenteS,

199 989 278 1047 ut
343 982 570 1048 domus
637 1004 750 1047 seu
812 981 1146 1064 templum,
1209 981 1277 1044 in
1342 1001 1469 1062 quo
1535 982 1692 1045 estis
1757 980 1841 1046 ad
1906 980 2008 1046 dei
2074 981 2335 1046 laudem
2381 988 2448 1046 et
2492 982 2764 1071 gloriam

200 1096 405 1172 atque
472 1088 911 1154 defensionem
976 1109 1239 1153 suorum
1303 1086 1590 1151 fidelium
1658 1093 1724 1153 et
1784 1087 2193 1154 liberandam
2257 1089 2359 1154 dei
2425 1088 2765 1154 ecclesiam

200 1196 601 1279 congregati,
669 1216 815 1259 cum
881 1194 1180 1260 omnibus
1234 1194 1752 1278 possessionibus
1811 1201 1877 1259 et
1931 1195 2119 1260 bonis
2167 1197 2320 1278 61116,
2380 1217 2505 1279 (1116
2549 1198 2763 1280 inpre-

199 1304 571 1368 senciarum
616 1303 911 1384 legitime
965 1300 1205 1366 habere
1261 1302 1672 1383 cognoscitur
1728 1307 1843 1365 aut
1895 1302 1962 1364 in
2017 1301 2304 1367 futurum
2353 1304 2764 1369 concessione

200 1409 609 1492 pontificum,
675 1408 1071 1473 liberalitate
1135 1429 1360 1490 regum
1424 1408 1526 1472 vel
1588 1408 1953 1491 principum
2018 1413 2137 1472 etc.
2204 1431 2410 1491 usque
2472 1410 2763 1493 adipisci,

199 1517 539 1599 perpetuis
603 1515 836 1580 futuris
899 1515 1297 1597 temporibus
1354 1514 1474 1578 sub
1522 1515 1876 1597 apostolice
1934 1514 2103 1579 sedis
2149 1517 2357 1581 tutela
2404 1522 2470 1581 et
2513 1523 2765 1601 protec-

198 1624 383 1689 tione
449 1623 824 1688 consistant.
925 1621 1226 1686 Presenti
1281 1642 1537 1703 quoque
1595 1621 1852 1686 decreto
1910 1622 2252 1704 sancimUS,
2312 1628 2386 1687 ut
2439 1624 2572 1688 vita
2619 1624 2765 1688 reli-

198 1731 408 1812 giosa,
475 1750 599 1812 (1116
663 1729 732 1793 111
784 1733 1004 1793 vestra
1058 1727 1247 1793 domo
1295 1733 1413 1811 est,
1474 1728 1693 1792 divina
1728 1728 2088 1811 inspirante
2135 1729 2375 1810 gracia,
2441 1730 2763 1811 instituta,

200 1835 451 1901 ibidem
495 1835 958 1900 inviolabiliter
1003 1833 1379 1900 observetur
1425 1841 1491 1900 et
1534 1834 1770 1899 fratres
1824 1834 1987 1899 inibi
2033 1835 2457 1918 omnipotenti
2506 1835 2764 1901 domino

203 1944 561 2008 servientes
608 1947 784 2006 caste
832 1947 899 2006 et
944 1941 1081 2005 sine
1126 1944 1389 2025 proprio
1434 1943 1655 2006 vivant
1709 1947 1774 2005 et
1817 1940 2280 2024 professionem
2343 1963 2528 2007 suam
2576 1941 2764 2007 dictis

204 2057 274 2113 et
327 2050 617 2115 moribus
665 2047 1158 2131 comprobantes
1204 2050 1515 2131 magistro
1563 2071 1680 2113 suo
1728 2053 1861 2128 aut,
1911 2048 2147 2129 quibus
2193 2047 2332 2130 ipse
2368 2050 2762 2132 preceperit.

202 2157 273 2220 in
322 2145 634 2221 omnibus
666 2160 732 2219 et
776 2176 892 2237 per
938 2155 1154 2219 omnia
1202 2157 1478 2222 subiecti
1524 2161 1592 2221 et
1638 2154 2012 2221 obedientes
2061 2154 2360 2218 existant.
2454 2155 2767 2221 Preterea

203 2261 751 2346 quemadmodum
833 2261 1060 2326 domus
1141 2263 1285 2346 ipsa
1352 2263 1544 2326 huius
1619 2266 1841 2326 sancte
1913 2265 2124 2324 vestre
2194 2262 2629 2327 institucionis
2703 2269 2770 2328 et

204 2369 351 2434 fons
426 2369 669 2434 ordinis
747 2373 814 2432 et
894 2368 1074 2450 origo
1149 2390 1291 2434 esse
1362 2359 1748 2454 promeruit,
1814 2368 1908 2431 ita
1970 2367 2423 2433 nichilominus
2480 2371 2766 2434 omnium

204 2477 500 2541 locorum
546 2474 631 2539 ad
679 2496 822 2539 eam
867 2476 1333 2559 pertinentium
1379 2482 1576 2560 caput
1620 2481 1689 2540 et
1718 2475 2031 2558 magistra
2060 2475 2537 2558 imperpetuum
2567 2476 2765 2541 habe-

206 2588 377 2647 atur.
471 2582 576 2646 Ad
630 2582 751 2647 hec
807 2581 1162 2648 adicientes
1216 2583 1640 2666 precipimus,
1701 2587 1776 2646 ut
1830 2581 2108 2646 obeunte
2165 2583 2354 2667 [te]1,
2422 2581 2655 2647 dilecte
2700 2583 2767 2647 in

207 2690 471 2754 domino
503 2688 600 2753 fili
635 2690 967 2772 magister,
1002 2688 1103 2753 vel
1129 2694 1391 2753 tuorum
1424 2689 1718 2771 quolibet
1750 2709 2191 2753 successorum
2223 2688 2439 2752 nullus
2478 2689 2767 2753 eiusdem

207 2796 440 2861 domus
484 2795 794 2860 fratribus
841 2800 1239 2879 preponatur
1289 2796 1417 2859 nisi
1471 2795 1774 2860 militaris
1832 2801 1897 2859 et
1941 2795 2246 2877 religiosa
2291 2816 2588 2878 persona,
2640 2818 2765 2878 que

202 2909 424 2967 vestre
480 2902 808 2984 religionis
863 2901 1161 2967 habitum
1217 2902 1303 2966 sit
1355 2901 1648 2985 professa
1693 2923 1812 2966 nec
1851 2902 1933 2967 ab
1979 2901 2110 2985 hijs
2165 2902 2289 2965 nisi
2337 2901 2420 2965 ab
2462 2902 2767 2967 'omnibus

203 3012 220 3097 ξ’
259 3008 576 3073 fratribus
641 3009 901 3072 insimul
965 3009 1068 3073 vel
1114 3030 1153 3072 a
1209 3009 1449 3073 saniori
1503 3008 1604 3073 vel
1650 3009 1897 3091 puriori
1945 3030 2167 3073 eorum
2213 3014 2420 3091 parte,
2468 3010 2579 3090 qui
2625 3029 2768 3092 pre-

201 3114 545 3199 ponendus
573 3114 788 3198 fuerit,
810 3116 1107 3197 eligatur.
1160 3115 1365 3179 Porro
1393 3115 1552 3179 nulli
1583 3115 2019 3180 ecclesiastice
2051 3115 2463 3200 seculari[ve]
2496 3138 2768 3198 persone

204 3222 559 3304 infringere
613 3222 717 3286 vel
770 3224 1062 3287 minuere
1114 3222 1311 3286 liceat
1365 3220 1864 3286 consuetudines
1922 3221 2006 3286 ad
2059 3226 2271 3286 vestre
2326 3220 2656 3302 religionis
2705 3227 2770 3284 et

206 3328 402 3412 officij
456 3328 934 3393 observantiam
983 3351 1022 3393 a
1077 3329 1388 3410 magistro
1445 3334 1511 3392 et
1563 3328 1877 3393 fratribus
1934 3329 2360 3394 communiter
2413 3328 2766 3392 institutaS.

204 3434 494 3499 Easdem
542 3456 800 3518 quoque
846 3435 1344 3500 consuetudines
1392 3456 1431 3499 a
1475 3435 1659 3499 vobis
1692 3435 2026 3517 aliquanto
2065 3441 2356 3517 tempore
2394 3435 2769 3500 observatas

208 3547 276 3605 et
307 3542 550 3624 scripto
582 3540 877 3606 firmatas
921 3542 1048 3606 nisi
1096 3542 1179 3606 ab
1228 3563 1323 3623 eo,
1373 3543 1481 3623 qui
1530 3543 1845 3624 magister
1890 3548 2007 3623 est,
2057 3542 2505 3607 consenciente
2551 3547 2769 3606 tamen

207 3648 453 3713 saniori
499 3655 688 3732 parte
736 3648 1006 3732 capituli
1063 3670 1192 3714 non
1244 3648 1448 3713 liceat
1497 3648 1825 3735 inmutari.
1918 3647 2347 3714 Prohibemus
2394 3649 2659 3731 insuper
2706 3653 2772 3712 et

209 3755 597 3820 omnimodis
643 3755 1109 3836 interdicimus,
1157 3777 1238 3819 ne
1284 3755 1420 3818 ulla
1475 3755 1916 3819 ecclesiastica
1962 3755 2352 3820 secularisve
2407 3776 2683 3837 persona
2731 3776 2770 3817 a

207 3864 520 3944 magistro
569 3867 634 3925 et
679 3861 992 3926 fratribus
1041 3861 1329 3926 eiusdem
1377 3861 1603 3927 domus
1653 3863 1909 3944 exigere
1957 3862 2197 3926 audeat
2240 3860 2608 3944 fidelitateS,
2655 3861 2768 3926 ho-

206 3969 412 4032 minia
459 3989 576 4032 seu
620 3968 989 4033 iuramenta
1019 3968 1122 4032 vel
1167 3968 1453 4051 reliquas
1503 3969 1907 4050 securitateS,
1957 3990 2081 4051 que
2130 3990 2169 4032 a
2209 3967 2608 4033 secularibus
2644 3967 2768 4031 fre-

208 4080 626 4157 quentantur.
718 4074 892 4139 Hlud
940 4080 1158 4140 autem
1206 4075 1455 4156 scitote,
1515 4078 1850 4159 quoniam,
1919 4077 2088 4139 sicut
2150 4081 2367 4139 vestra
2432 4095 2618 4138 sacra
2673 4074 2767 4137 in-

208 4182 475 4247 stitucio
557 4186 622 4245 et
692 4181 998 4262 religiosa
1070 4182 1312 4246 milicia
1387 4181 1603 4247 divina
1677 4189 1775 4247 est
1829 4182 2243 4265 providencia
2299 4180 2619 4260 stabilita,
2676 4180 2770 4242 ita

206 4287 664 4352 nichilominus
720 4287 961 4352 nullius
1024 4289 1153 4353 vite
1216 4287 1635 4371 religiosioris
1699 4289 1968 4354 obtentu
2024 4288 2108 4352 ad
2155 4289 2355 4353 alium
2399 4287 2612 4352 locum
2657 4307 2770 4350 vos

207 4396 514 4460 convenit
558 4395 981 4460 transvolare.
1066 4395 1245 4460 Deus
1278 4396 1469 4478 enim,
1518 4396 1630 4477 qui
1678 4402 1777 4459 est
1805 4394 2355 4459 incommutabilis
2389 4398 2455 4457 et
2485 4398 2766 4472 eternuS‚

393 4645 412 4676 ¹
450 4644 570 4699 Der
597 4644 733 4698 Sinn
771 4644 1029 4714 verlangt
1066 4663 1135 4698 zu
1173 4644 1413 4700 obeunte
1452 4644 1551 4698 das
1588 4644 1742 4714 Subj.
1783 4651 1835 4699 te
1874 4663 1973 4700 vor
2010 4646 2136 4699 dem
2172 4644 2471 4715 folgenden
2506 4643 2766 4698 Vokativ.

2806 3021 2924 3075 Pol.
2966 3027 3031 3074 34
3044 3022 3083 3075 b.
