3242 5184
190 2759 309 2813 Fol.
350 2758 467 2814 25¹³.

1566 321 1991 383 ..46-

504 498 821 582 siquidem
891 503 1292 577 statuentes,
1366 502 1439 561 ut
1506 497 1664 561 ordo
1737 496 2172 578 monasticus,
2248 497 2358 578 qui
2441 496 2794 561 secundum
2861 497 3074 562 deum

500 612 566 670 et
609 606 787 670 beati
833 604 1171 669 Benedicti
1226 604 1514 686 regulam
1570 609 1767 685 atque
1820 603 2301 668 institucionem
2357 602 2880 669 Cisterciensium
2934 604 3075 668 fra?

499 718 671 776 trum
726 733 766 775 a
819 712 1001 777 vobis
1057 716 1209 775 ante
1264 710 1606 775 concilium
1661 709 1962 792 generale
2009 716 2376 792 susceptam
2431 711 2498 773 in
2555 710 2778 775 eodem
2832 733 3073 776 mona-

501 820 699 884 sterio
745 819 1082 882 institutus
1130 838 1271 881 esse
1319 815 1704 898 dinoscitur,
1770 817 2101 899 perpetuis
2147 816 2549 899 temporibus
2596 817 3076 882 inviolabiliter

501 926 911 1006 observetur,
958 930 1258 1008 preterea
1312 944 1732 1005 quascunque
1785 923 2265 1006 possessionesl
2321 929 2387 988 et
2448 945 2829 1007 quecunque
2886 925 3075 989 bona

499 1033 673 1097 idem
719 1032 1182 1096 monasterium
1237 1030 1850 1113 impresenciarum²
1905 1031 2072 1094 iuste
2130 1035 2196 1093 et
2249 1031 2557 1095 canonice
2606 1031 2900 1114 possidet
2953 1037 3077 1095 aut

500 1140 568 1202 111
612 1139 903 1203 futurum
951 1138 1364 1203 concessione
1410 1136 1817 1220 pontificum,
1865 1137 2207 1217 largitione
2252 1158 2478 1219 regum
2524 1138 2625 1202 vel
2668 1139 3070 1222 principum,

502 1246 831 1311 oblatione
893 1244 1180 1309 fidelium
1246 1264 1360 1308 8611
1417 1244 1564 1327 alijs
1617 1244 1805 1307 iustis
1861 1242 2069 1307 modis
2124 1249 2456 1326 prestante
2513 1243 2771 1309 domino
2815 1246 3075 1328 poterit

504 1352 797 1436 adipisci,
845 1351 1251 1444 firma'vobis
1298 1351 1660 1432 vestrisque
1700 1350 2178 1415 successoribus
2217 1357 2283 1415 et
2318 1350 2573 1415 illibata
2609 1357 3068 1435 permaneant.

500 1459 580 1524 In
617 1459 852 1542 quibus
889 1458 994 1523 hic
1031 1458 1310 1541 proprijs
1350 1456 1651 1520 duximus
1690 1456 2107 1540 exprimenda
2143 1457 2500 1521 vocabulis:
2539 1457 2789 1523 Locum
2821 1460 3068 1542 ipsum,

501 1567 568 1630 in
616 1589 743 1649 quo
789 1564 1110 1648 prefatum
1156 1565 1620 1628 monasterium
1669 1564 1862 1627 situm
1909 1569 2036 1645 est,
2094 1585 2238 1627 cum
2293 1564 2592 1629 omnibus
2647 1566 3070 1649 pertinentijs

504 1674 656 1738 suis,
733 1672 877 1736 Hic
922 1677 1306 1754 ponantur
1351 1670 1925 1754 possessiones3
1972 1692 2118 1734 cum
2155 1671 2380 1754 pratiS,
2418 1671 2646 1754 vineiS,
2687 1673 2902 1754 terrie,
2956 1693 3068 1736 ne-

502 1780 819 1860 moribUS,
866 1779 1155 1862 usuagijs
1204 1785 1271 1842 et
1314 1779 1574 1860 pascuis
1619 1778 1687 1840 in
1744 1777 1938 1842 bosco
1985 1783 2052 1841 et
2094 1777 2316 1860 plano,
2365 1778 2431 1841 in
2470 1779 2659 1860 aquis
2706 1785 2772 1843 et
2816 1779 3068 1843 molen-

507 1888 695 1969 dinis,
744 1887 810 1949 in
856 1886 977 1968 vijs
1026 1891 1092 1949 et
1138 1885 1382 1949 semitis
1432 1890 1498 1948 et
1542 1883 1839 1948 omnibus
1886 1884 2033 1966 alijs
2079 1883 2494 1949 libertatibus
2533 1891 2599 1949 et
2634 1886 3068 1950 immunitati-

503 1994 624 2058 bus
659 1993 811 2057 81118.
890 1991 1088 2057 Sane
1133 1990 1522 2056 laborum⁴
1565 1996 1925 2055 vestrorum
1958 1990 2038 2054 de
2068 1990 2585 2072 possessionibus
2615 1992 2856 2056 habitis
2908 1998 3069 2056 ante

506 2100 847 2165 concilium
878 2099 1176 2181 generale
1210 2081 1314 2184 [ac
1335 2098 1567 2182 eciam]
1600 2097 1945 2179 novalium,
1967 2118 2093 2180 que
2121 2098 2402 2180 proprijs
2430 2098 2731 2163 manibus
2752 2105 2866 2162 aut
2886 2120 3068 2163 sum-

505 2208 725 2292 ptibus
765 2206 1002 2284 colitiS,
1036 2206 1114 2270 de
1149 2205 1383 2288 quibus
1415 2204 1754 2270 novalibus
1794 2204 2029 2285 aliquis
2062 2203 2376 2268 hactenus
2408 2226 2535 2269 non
2566 2207 2875 2288 percepit,
2931 2207 3068 2270 sive

506 2315 585 2379 de
608 2315 785 2396 ortis,
807 2313 1101 2395 virgultis
1122 2318 1188 2376 et
1221 2311 1690 2395 piscationibus
1722 2311 1952 2375 vestris
1984 2310 2085 2375 vel
2118 2310 2196 2375 de
2233 2311 2648 2376 nutrimentis
2681 2313 3068 2376 animalium

505 2428 887 2502 vestrorum,
920 2419 1136 2483 nullus
1184 2442 1223 2483 a
1268 2419 1448 2483 vobis
1498 2419 1781 2482 decimas
1828 2419 2082 2500 exigere
2128 2417 2229 2481 vel
2276 2424 2661 2500 extorquere
2708 2425 3067 2502 presumat.

505 2528 736 2592 Liceat
765 2547 1022 2609 quoque
1052 2526 1234 2590 vobis
1272 2526 1538 2590 clericos
1585 2525 1686 2589 vel
1731 2525 1949 2607 laycos
1994 2525 2233 2590 liberos
2273 2531 2339 2589 et
2376 2525 2710 2591 absolutos
2757 2547 2797 2590 a
2844 2527 3067 2591 seculo

507 2634 822 2717 fugientes
887 2633 973 2698 ad
1037 2633 1517 2697 conversionem
1580 2633 1868 2715 recipere
1931 2637 1996 2696 et
2059 2653 2168 2695 eos
2240 2632 2486 2713 absque
2551 2633 3069 2698 contradictione

508 2742 728 2823 aliqua
772 2741 1066 2804 retinere.
1119 2740 1136 2828 Η
1180 2739 1608 2804 Prohibemus
1656 2740 1957 2821 insuper,
2024 2744 2098 2802 ut
2151 2739 2313 2802 nulli
2370 2738 2643 2803 fratrum
2698 2746 3068 2805 vestrorum

506 2855 657 2931 post
700 2846 942 2912 factam
986 2847 1054 2910 in
1100 2848 1493 2912 monasterio
1538 2852 1753 2910 vestro
1809 2844 2273 2928 professionem
2329 2845 2427 2910 fas
2484 2847 2570 2910 sit
2616 2847 2753 2910 sine
2800 2846 3069 2911 abbatis

509 2956 609 3020 sui
652 2955 923 3021 licencia
970 2952 1048 3018 de
1096 2953 1320 3017 eodem
1366 2952 1506 3018 loco
1545 2952 1894 3034 discedere,
1944 2951 2381 3016 discedentem
2418 2974 2569 3017 vero
2607 2953 2854 3035 absque
2892 2975 3069 3018 com-

509 3062 798 3126 munium
834 3066 1196 3125 vestrarum
1231 3060 1595 3124 litterarum
1635 3060 1932 3123 cautione
1969 3058 2184 3123 nullus
2222 3058 2461 3123 audeat
2496 3061 2795 3123 retinere.
2846 3058 3067 3141 Quod·

511 3170 564 3233 si
611 3169 755 3250 quis
801 3167 968 3232 forte
1012 3168 1290 3231 retinere
1336 3154 1828 3249 presumpserit,
1895 3165 2145 3229 licitum
2199 3165 2380 3230 vobis
2437 3166 2523 3229 sit
2574 3167 2642 3228 in
2694 3167 2872 3249 ipsos
2930 3188 3066 3232 mo-

509 3274 751 3339 nachos
804 3275 906 3338 vel
960 3295 1301 3338 conversos
1354 3273 1720 3355 regularem
1775 3274 2172 3336 sentenciam
2226 3272 2655 3355 promulgare.
2748 3272 2923 3337 Illud
2976 3274 3066 3337 di-

511 3381 798 3445 strictius
836 3380 1220 3461 inhibenteS,
1251 3401 1331 3444 ne
1367 3386 1578 3444 terras
1616 3401 1732 3443 seu
1769 3379 2105 3461 quodlibet
2141 3378 2514 3443 benefitium
2548 3379 2816 3444 ecclesie
2853 3386 3066 3444 vestre

511 3489 818 3554 collatum
862 3487 1057 3551 liceat
1104 3487 1297 3551 alicui
1343 3487 1773 3570 personaliter
1819 3486 1960 3549 dari
2008 3487 2139 3549 sive
2188 3486 2314 3550 alio
2361 3485 2551 3550 modo
2599 3486 2871 3550 alienari
2919 3486 3064 3551 abs-

513 3616 638 3676 que
686 3614 1000 3658 consensu
1053 3595 1261 3658 tocius
1323 3593 1590 3676 capituli
1637 3594 1737 3657 vel
1785 3593 2045 3657 maioris
2094 3599 2208 3656 aut
2255 3593 2528 3656 sanioris
2585 3594 2791 3674 partis
2838 3594 3062 3677 ipsius,

513 3701 581 3766 Si
627 3721 750 3782 que
797 3721 947 3764 vero
995 3701 1374 3765 donationes
1431 3706 1547 3764 aut
1609 3700 2032 3764 alienationes
2097 3699 2322 3780 aliter,
2390 3720 2586 3780 quam
2645 3698 2889 3763 dictum
2948 3704 3061 3779 est,

513 3807 682 3872 facte
729 3806 987 3889 fuerint,
1037 3828 1147 3871 eas
1194 3807 1414 3870 irritas
1454 3827 1596 3870 esse
1636 3827 1988 3870 censemus,
2065 3805 2171 3868 Ad
2217 3804 2337 3870 hec
2374 3806 2578 3869 eciam
2623 3804 3060 3888 prohibemuS,

511 3935 592 3979 ne
655 3914 889 3995 aliquis
943 3913 1295 3978 monachus
1353 3914 1485 3977 sive
1541 3934 1886 3977 conversus
1943 3912 2062 3976 sub
2117 3911 2514 3995 professione
2568 3917 2782 3975 vestre
2838 3911 3061 3976 domus

514 4022 818 4086 astrictus
868 4021 1005 4084 sine
1052 4040 1368 4084 consensu
1416 4025 1481 4082 et
1525 4019 1796 4083 licencia
1843 4019 2101 4084 abbatis
2140 4024 2206 4082 et
2240 4019 2504 4083 maioris
2551 4019 2758 4101 partis
2797 4016 3060 4102 capituli

513 4129 710 4192 vestri
755 4150 871 4210 pro
920 4127 1135 4208 aliquo
1182 4125 1534 4189 fideiubeat
1578 4126 1678 4188 vel
1726 4125 1808 4189 ab
1857 4125 2074 4207 aliquo
2132 4126 2472 4207 pecuniam
2517 4130 2740 4188 mutuo
2789 4126 3062 4207 accipiat

513 4236 686 4298 ultra
733 4255 1050 4298 summam
1108 4232 1377 4315 capituli
1431 4233 1629 4296 vestri
1684 4233 2090 4314 providentia
2145 4232 2564 4297 constitutam
2619 4232 2747 4294 nisi
2802 4222 3060 4315 propter

514 4413 774 4468 Zeichen:
830 4413 1021 4466 Istud
1075 4413 1353 4481 ponitur
1387 4410 1405 4482 ΙΙ
1441 4412 1507 4463 111
1554 4413 1898 4479 exemptis.
1972 4410 2256 4464 Darunter
2290 4410 2556 4465 schwarz:
2595 4411 2751 4478 quod·
2782 4410 2854 4464 ad
2890 4412 2975 4463 ius
3009 4415 3060 4462 et

512 4505 904 4572 proprietatem
941 4500 1093 4554 beati
1128 4499 1279 4553 Petri
1317 4505 1373 4554 et
1407 4505 1650 4553 nostram
1687 4499 1840 4553 nullo
1878 4500 2040 4553 modo
2077 4499 2323 4552 noscitur
2354 4500 2644 4567 pertinere.
2832 4500 2850 4530 ¹
2889 4498 3056 4554 Nach-

514 4598 796 4662 getragen.
1016 4589 1036 4619 ²
1073 4607 1127 4641 m
1165 4591 1223 4641 in
1261 4591 1336 4641 im
1374 4588 1477 4642 auf
1495 4588 1691 4642 Rasur.
1909 4587 1930 4618 ³
1967 4587 2075 4640 Am
2102 4587 2298 4640 Raude
2336 4586 2793 4657 vorgeschrieben
2833 4588 2943 4641 und
2978 4591 3059 4640 rot·

517 4679 1020 4749 durchgcstrichcn.
1164 4677 1186 4708 ⁴
1224 4678 1332 4732 Rot
1371 4677 1787 4731 unterstrichen.
