3242 5184
139 1423 257 1478 Fol.
296 1429 362 1477 38
373 1430 412 1476 ⁸.

1502 267 1946 329 „70—

448 444 646 525 igitur
697 448 908 506 vestre
964 441 1315 523 religionis·
1350 440 1600 506 novella
1654 439 1974 523 plantatio
2031 439 2221 505 flores
2270 446 2336 505 et
2380 439 2628 505 fructus
2676 438 2894 504 odoris
2944 443 3010 501 et

448 548 809 614 honestatis
865 547 1253 631 tempestiva
1270 546 1292 585 ¹
1354 545 1752 611 fecunditate
1807 546 2189 630 produxerit
2255 552 2322 611 613
2367 545 2486 611 (160
2532 547 3008 610 incrementum

451 656 646 721 dante
702 656 795 720 610
840 654 1156 737 inceperit
1201 653 1565 737 expandere
1610 674 1828 719 ramos
1877 675 2057 735 61106,
2115 659 2191 718 1113
2234 653 2630 717 uberrimam
2675 651 3008 716 fructuum

451 763 704 847 copiam
761 762 1139 846 promittere
1195 760 1520 842 videatur,
1577 782 1726 842 1106,
1786 761 1899 842 qui
1963 761 2262 825 custodes
2323 761 2393 824 in
2438 759 2763 825 dominica
2818 759 3010 822 vinea

450 870 647 953 positi
695 876 760 933 et
791 868 1071 933 cultores
1119 869 1291 932 circa
1337 867 1649 931 virtutum
1694 868 2023 951 plantaria
2054 866 2363 932 debemus
2398 866 2825 948 diligentioris
2873 864 3008 929 cul-

449 981 595 1041 ture
642 997 719 1040 ac
766 995 915 1040 cure
949 974 1235 1039 studium
1273 973 1602 1055 adhibere,
1650 974 1968 1039 novellam
2013 973 2484 1057 plantationem
2528 978 2814 1038 vestram
2859 993 3009 1037 rore

451 1082 803 1166 apostolice
850 1082 1064 1164 gracie
1110 1082 1381 1164 irrigare
1427 1081 1845 1164 proponimus
1894 1086 1960 1146 et
1997 1080 2462 1146 fecunditatem
2491 1078 2808 1146 bonorum
2856 1100 3007 1162 ope-

451 1211 614 1271 rum,
666 1210 797 1271 qua
841 1190 1017 1271 viget
1062 1187 1146 1252 ad
1191 1208 1456 1270 presens
1504 1193 1571 1251 et
1614 1188 1860 1271 vigebit
1906 1187 2123 1252 divina
2169 1187 2424 1252 favente
2470 1187 2691 1269 gracia
2734 1186 2803 1250 in
2836 1185 3008 1249 futu·-

452 1319 623 1379 rum,
682 1295 1011 1378 vigilantis
1069 1316 1219 1359 cure
1276 1294 1602 1380 impendio
1661 1294 1986 1359 adiuvare.
2079 1296 2467 1379 Eapropter,
2518 1292 2735 1357 dilecti
2782 1292 2850 1355 in
2896 1292 3009 1358 do-

449 1404 625 1468 mino
681 1400 829 1485 filij,
877 1401 1108 1466 vestris
1171 1402 1362 1466 iustis
1425 1401 2011 1485 postulationibus2
2075 1401 2425 1467 clementer
2469 1401 2486 1489 {2
2532 1400 2877 1465 annuimus
2944 1405 3013 1463 et

454 1510 713 1575 domum
776 1513 1059 1572 vestram
1125 1529 1241 1573 seu
1302 1508 1654 1591 hospitale,
1729 1510 1796 1572 in
1862 1530 1991 1591 quo
2056 1509 2212 1573 estis
2277 1507 2361 1573 ad
2433 1507 2535 1572 dei
2610 1506 2874 1571 laudem
2944 1511 3012 1570 et

451 1616 724 1698 gloriam
779 1620 977 1698 atque
1034 1614 1468 1680 defensionem
1524 1637 1787 1680 suorum
1839 1614 2129 1680 fidelium
2186 1620 2252 1680 et
2305 1613 2712 1679 liberandam
2769 1611 3012 1677 Christi

453 1722 793 1787 ecclesiam
825 1722 1216 1804 congregati,
1265 1742 1412 1785 cum
1444 1722 1740 1787 omnibus
1778 1722 2295 1805 possessionibus
2342 1726 2408 1785 et
2442 1720 2630 1785 bonis
2678 1720 2832 1801 suis,
2882 1739 3012 1802 que

453 1829 1002 1913 inpresenciarum
1063 1827 1352 1909 legitime
1415 1828 1656 1892 habere
1726 1829 2134 1910 cognoscitur
2198 1834 2313 1894 aut
2373 1828 2440 1891 in
2504 1826 2794 1892 futurum
2860 1848 3012 1892 0011-

455 1936 743 2001 cessione
806 1934 1222 2019 pontificum,
1301 1934 1697 2000 liberalitate
1770 1956 1996 2017 regum
2065 1934 2168 1999 vel
2229 1934 2614 2018 principum,
2682 1933 3013 1999 oblatione

452 2041 740 2107 fidelium
774 2063 890 2107 seu
921 2042 1069 2125 alijs
1099 2043 1287 2106 iustis
1318 2041 1547 2122 11101116,
1579 2047 1912 2124 prestante
1931 2041 1956 2080 ³
1989 2041 2267 2123 domin0,
2301 2041 2542 2124 poterit
2571 2040 2864 2124 adipisci,
2887 2040 3013 2104 sub

454 2150 631 2215 beati
694 2149 878 2213 Petri
942 2154 1008 2214 et
1069 2154 1293 2214 nostra
1355 2150 1756 2232 protectione
1821 2148 2207 2230 suscipimus
2272 2153 2338 2212 et
2401 2147 2720 2231 presentis
2786 2147 3015 2230 scripti

454 2256 789 2339 privilegio
837 2256 1332 2337 communimuS,
1383 2262 1764 2337 statuenteS,
1821 2260 1896 2319 ut
1939 2255 2269 2337 perpetuis
2327 2253 2562 2318 futuris
2609 2253 3015 2337 temporibus

456 2362 576 2427 sub
645 2362 997 2445 apostolice
1072 2362 1243 2426 sedis
1316 2361 1525 2426 tutela
1590 2368 1656 2428 et
1727 2361 2097 2426 defensione
2162 2362 2537 2427 consistant.
2650 2360 3015 2426 Statuimus

456 2470 674 2551 etiam,
731 2474 804 2533 ut
858 2468 1013 2533 ordo
1079 2467 1352 2533 fratrum
1406 2468 1749 2553 hospitalis
1803 2468 2305 2533 Ierosolimitani
2361 2468 2533 2532 circa
2577 2488 2899 2551 pauperes
2946 2473 3018 2532 et

454 2575 763 2657 infirmos,
822 2575 979 2640 ordo
1035 2595 1186 2640 vero
1241 2575 1518 2640 fratrum
1571 2576 1810 2640 milicie
1857 2575 2084 2659 templi
2133 2575 2308 2639 circa
2353 2574 2619 2640 clericos
2661 2580 2727 2639 et
2768 2574 3015 2638 milites

457 2704 534 2747 ac
589 2681 753 2748 alios
811 2681 1045 2746 fratres
1099 2682 1285 2746 iuxta
1338 2682 1812 2747 institutionem
1859 2681 2086 2746 domus
2132 2687 2347 2746 vestre
2392 2682 2725 2766 perpetuis
2770 2679 3018 2745 ibidem

455 2788 855 2872 temporibus
920 2788 1313 2853 observetur.
1408 2787 1513 2853 Ad
1575 2788 1697 2853 hec
1760 2789 2143 2869 statuimuS,
2209 2794 2312 2870 ut,
2379 2809 2526 2854 cum
2588 2810 2706 2871 pro
2770 2786 3020 2852 tuenda

457 2894 777 2961 catholica
842 2894 1115 2960 ecclesia
1176 2901 1241 2958 et
1304 2916 1401 2977 ea,
1468 2915 1593 2977 que
1649 2901 1750 2959 est
1813 2899 1931 2959 sub
1984 2915 2385 2978 paganorum
2438 2892 2866 2979 tyrampnide,
2932 2892 3018 2957 de

454 3003 745 3085 ipsorum
811 3001 1122 3085 spurcitia
1188 3001 1472 3066 eruenda
1535 3001 1856 3085 intrepide
1919 3000 2260 3083 laboretiS,
2324 3000 2521 3065 liceat
2574 3001 2755 3066 vobis
2810 3000 3018 3065 libere

456 3109 524 3171 in
570 3129 725 3172 usus
771 3114 1021 3173 vestros
1069 3115 1442 3199 convertere
1490 3129 1595 3190 ea,
1646 3129 1772 3191 que
1820 3109 1899 3172 de
1947 3107 2169 3190 spolijs
2214 3108 2504 3190 ipsorum
2551 3106 2853 3190 ceperitis
2898 3127 3016 3189 pa-

457 3235 790 3297 ganorum,
840 3220 906 3278 et
950 3236 1031 3279 ne
1079 3215 1159 3279 de
1203 3216 1330 3298 hijs
1379 3221 1604 3280 contra
1650 3214 1813 3279 velle
1859 3218 2146 3278 vestrum
2191 3214 2561 3297 porcionem
2617 3214 2810 3278 alicui
2857 3213 3017 3277 dare

458 3322 796 3403 cogamini,
829 3321 1264 3404 prohibemus.
1358 3322 1658 3386 Presenti
1690 3341 1945 3403 quoque
1980 3320 2237 3385 decreto
2271 3321 2614 3402 sancimus,
2663 3324 2736 3384 ut
2775 3319 3018 3384 fratres

457 3429 523 3490 in
581 3427 769 3493 domo
826 3433 1044 3492 vestra
1106 3427 1364 3494 domino
1427 3429 1778 3493 servientes
1832 3432 2015 3492 ’caste
2070 3433 2136 3491 et
2192 3428 2330 3490 sin‘e
2376 3429 2638 3510 proprio
2685 3427 2905 3491 vivant
2952 3433 3020 3491 et

456 3533 919 3618 professionem
987 3556 1169 3598 suam
1232 3536 1421 3599 dictis
1487 3540 1552 3599 et
1615 3535 1904 3600 moribus
1970 3534 2463 3616 comprobantes
2526 3535 2840 3616 magistro
2897 3555 3014 3598 suo

458 3647 591 3721 aut,
627 3641 860 3723 quibus
892 3642 1031 3724 ipse
1068 3642 1449 3724 preceperit,
1500 3640 1774 3705 subiecti
1807 3647 1871 3705 et
1902 3639 2276 3705 obedientes
2309 3640 2609 3704 existant.
2702 3640 3017 3705 Preterea

459 3747 1001 3829 quemadmodum
1073 3745 1299 3811 domus
1368 3747 1511 3830 ipsa
1575 3754 1786 3812 vestre
1853 3754 2074 3811 sancte
2139 3747 2572 3811 institucionis
2639 3754 2704 3812 et
2767 3746 3014 3811 ordinis

459 3855 598 3919 fons
666 3860 730 3917 et
795 3854 972 3936 origo
1044 3874 1184 3917 6666
1248 3855 1631 3937 promeruit,
1698 3855 1791 3917 ita
1865 3854 2149 3918 omnium
2213 3855 2499 3920 locorum
2547 3852 2632 3919 ad
2678 3875 2821 3918 eam
2868 3875 3013 3937 per-

458 3961 805 4024 tinentium
872 3967 1068 4043 caput
1132 3966 1197 4024 et
1249 3961 1563 4043 magistra
1617 3961 2091 4043 imperpetuum
2156 3961 2493 4026 habeatur.
2588 3960 2815 4024 Adhec
2875 3959 3013 4024 adi-

460 4068 703 4132 cientes
768 4067 1182 4149 precipimuS,
1247 4072 1321 4130 ut
1367 4066 1646 4131 obeunte
1695 4067 1881 4153 [te]4,
1950 4065 2181 4131 dilecte
2245 4069 2311 4131 in
2369 4067 2626 4133 domino
2696 4065 2790 4130 fili
2845 4066 3012 4131 Her-

638 4264 655 4295 ¹
693 4263 1000 4317 Handschr.
1023 4264 1426 4332 tempestativa.
1573 4263 1593 4294 ²
1634 4262 1789 4318 Nach
1812 4263 2320 4333 po[stulationibus]
2346 4265 2415 4318 de
2438 4264 2653 4334 getilgt.
2801 4263 2823 4294 ⁸
2855 4251 3011 4318 Uber

455 4358 682 4424 petente
719 4356 800 4419 (so
838 4352 935 4406 hat
970 4352 1060 4405 die
1098 4351 1403 4406 Handschr.
1450 4352 1540 4405 fiir
1573 4354 1875 4422 prestante)
1921 4355 2011 4406 ein
2048 4352 2248 4407 Kreuz.
2323 4353 2595 4408 Dasselbe
2632 4351 2869 4407 Zeichen
2918 4370 3007 4407 am

457 4443 677 4510 Raude,
715 4442 849 4496 aber
886 4440 1139 4495 daneben
1176 4441 1361 4496 weder
1384 4441 1580 4495 Zusatz
1616 4440 1759 4496 noch
1781 4440 2108 4497 Korrektur.
2253 4440 2276 4472 ⁴
2312 4440 2739 4512 Eingeschaltet,
2778 4442 2925 4495 denn
2949 4459 3007 4495 es
3096 4478 3099 4481 -

455 4532 595 4586 wird
640 4531 812 4584 durch
860 4531 968 4585 den
1012 4529 1150 4584 Sinn
1194 4530 1463 4600 verlangt.
1536 4529 1610 4583 Es
1655 4529 1797 4600 folgt
1843 4530 1933 4585 die
1968 4528 2192 4585 Ani-ede
2229 4529 2564 4586 Hermanne.
2637 4530 2873 4586 Danach
2908 4530 3004 4585 hat

455 4621 545 4676 die
581 4619 888 4674 IIaudschr.
929 4623 1209 4692 magistro.
