3242 5184
1576 321 1664 327 m.
1752 284 1831 345 14
1914 320 2000 327 *-

514 463 878 529 cessoribus
923 458 1235 528 Romanis
1293 457 1706 542 pontificibus
1763 458 2069 523 canonice
2125 455 2540 522 intrantibus.
2641 455 2786 523 Non
2843 477 2956 522 ero
3009 458 3084 521 in

514 570 706 652 facto,
755 568 1022 635 consilio
1069 567 1171 631 vel
1217 587 1561 647 consensu,
1611 564 1786 648 quod
1831 565 2032 630 vitam
2077 563 2356 647 perdant
2402 568 2517 629 aut
2561 563 2923 629 membrum
2972 562 3085 628 vel

515 678 856 760 capiantur
917 675 1092 739 mala
1157 675 1482 758 capcione.
1595 670 1976 753 Consilium,
2047 669 2220 754 quod
2283 691 2400 754 per
2465 691 2533 735 se
2596 671 2698 735 vel
2761 671 3085 734 nuncium

516 805 701 848 suum
758 803 872 847 seu
926 781 1179 845 litteras
1235 779 1430 844 michi
1484 778 1793 842 credituri
1848 783 2022 860 sunt,
2082 778 2294 860 signo,
2361 778 2558 844 verbo
2612 777 2715 842 vel
2757 783 2921 842 nutu
2969 798 3086 841 me

515 892 757 955 sciente
832 888 914 953 ad
958 899 1210 954 *eorum
1281 887 1633 968 dampnum
1694 906 1808 950 seu
1870 883 2299 969 preiudicium
2361 884 2522 949 nulli
2584 885 2888 969 pandam.
3010 882 3085 948 Si

517 996 867 1080 dampnum
913 1016 1135 1060 eorum
1183 994 1426 1059 scivero
1472 994 1763 1074 tractari,
1812 1014 1929 1076 pro
1975 1013 2165 1076 posse
2211 1013 2356 1057 meo
2403 992 2770 1077 impediam,
2818 1012 2900 1056 ne
2931 989 3085 1057 fiat.

517 1102 704 1186 Quod
737 1104 793 1168 si
822 1124 938 1187 per
969 1123 1071 1166 me
1117 1101 1430 1184 impedire
1478 1122 1606 1164 non
1651 1119 1929 1182 possem,
1980 1120 2098 1182 per
2143 1099 2450 1165 nuncium
2497 1104 2613 1164 aut
2656 1121 2773 1182 per
2815 1099 3091 1164 litteras

516 1212 608 1275 eis
668 1208 1031 1293 significare
1088 1207 1357 1289 curab0‚
1417 1206 1517 1271 vel
1562 1227 1679 1288 per
1725 1227 1916 1288 quem
1963 1207 2161 1270 cicius
2209 1205 2293 1271 ad
2340 1226 2562 1271 eorum
2609 1206 2917 1272 noticiam
2964 1204 3089 1269 de-

517 1317 809 1381 ducatur.
899 1314 1225 1397 Papatum
1272 1314 1639 1378 Romanum
1695 1319 1759 1376 et
1813 1312 2057 1394 regalia
2103 1313 2281 1377 beati
2325 1312 2510 1377 Petri
2557 1318 2623 1378 et
2668 1314 2883 1379 omnia
2929 1312 3092 1376 iura

441 1434 454 1444 ⁴
515 1424 806 1488 Romane
868 1422 1166 1503 ecclesie,
1234 1442 1358 1503 que
1417 1420 1643 1501 habet,
1709 1420 1951 1502 ubique
2008 1420 2444 1485 manutenebo
2496 1421 2653 1485 totis
2707 1419 2952 1484 viribus
3017 1425 3095 1483 et

242 3876 357 3930 Fol.
401 3884 430 3927 8
443 3885 481 3929 ⁸.

517 1528 861 1595 defendam
907 1534 973 1593 et
1035 1527 1293 1593 adiutor
1355 1548 1465 1592 ero
1526 1527 1611 1590 ad
1674 1525 2083 1591 retinendum
2144 1532 2210 1590 et
2269 1525 2782 1592 defendendum²
2848 1531 3092 1590 contra

517 1658 770 1703 omnem
815 1635 1158 1701 hominem.
1260 1634 1522 1716 Resque
1575 1633 1781 1716 ipsius
1829 1632 2072 1697 domini
2117 1655 2284 1717 pape
2332 1639 2399 1699 et
2445 1634 2712 1698 ecclesie
2756 1631 3089 1714 Romane,

519 1765 643 1826 que
705 1764 845 1808 mee
912 1741 1202 1805 custodie
1268 1740 1779 1821 committentur,
1849 1738 2191 1822 diligenter
2256 1741 2618 1807 custodiam
2674 1747 2740 1806 et
2795 1740 3091 1806 fideliter

516 1848 879 1932 resignabo.
973 1847 1428 1912 Ambassiatas
1477 1847 1676 1910 etiam
1718 1851 1783 1910 et
1813 1868 2192 1930 quecunque
2225 1849 2354 1913 alia
2384 1849 2673 1932 negocia,
2723 1869 2848 1930 que
2878 1847 3093 1911 michi

519 1957 861 2022 commissa
905 1954 1174 2035 fuerint,
1232 1953 1507 2037 portabo
1562 1952 1843 2017 fideliter
1897 1961 1964 2019 et
2015 1955 2294 2020 referam
2356 1957 2493 2019 sine
2538 1954 2796 2036 fraude,
2846 1960 2911 2017 et
2959 1976 3089 2037 pro

519 2062 1028 2131 confessionibus
1076 2060 1414 2125 audiendis
1460 2060 1561 2125 vel
1608 2060 2135 2127 absolucionibus
2182 2061 2495 2127 faciendis
2545 2083 2660 2127 seu
2716 2062 2892 2145 alijs,
2951 2082 3092 2143 que

519 2176 817 2255 spectant
848 2168 931 2234 ad
963 2189 1178 2233 meum
1226 2166 1529 2249 officium,
1577 2167 1779 2232 nichil
1812 2169 2069 2234 omnino
2116 2190 2233 2253 per
2277 2190 2379 2233 me
2426 2169 2528 2232 vel
2575 2168 2774 2233 alium
2821 2169 3090 2251 exigam

518 2279 618 2343 vel
676 2283 894 2361 petam
953 2281 1067 2339 aut
1121 2274 1430 2358 recipiam
1487 2277 1694 2339 eciam
1751 2275 1871 2339 sub
1925 2275 2116 2341 titulo
2175 2274 2277 2339 vel
2325 2276 2537 2358 specie
2586 2275 2929 2341 elemosine
2980 2276 3090 2340 vel

520 2385 724 2468 exenij
777 2405 891 2448 seu
937 2383 1148 2446 mutui
1194 2380 1294 2445 vel
1341 2381 1468 2445 alio
1517 2382 1744 2464 quovis
1796 2381 2004 2447 modo.
2111 2381 2199 2446 Et
2243 2404 2373 2447 non
2421 2381 2755 2447 absolvam
2800 2382 2903 2447 vel
2950 2382 3088 2446 dis-

518 2491 806 2576 pensabo
840 2489 1118 2555 scienter
1146 2490 1215 2553 in
1262 2488 1481 2574 aliquo
1529 2509 1687 2552 casu
1732 2489 1928 2553 michi
1973 2511 2101 2554 non
2148 2490 2493 2554 commisso
2540 2510 2661 2553 nec
2706 2510 3090 2572 quenquam

521 2598 854 2663 absolvam
901 2618 941 2660 a
986 2601 1253 2680 peccato
1311 2594 1413 2659 vel
1471 2595 1757 2678 peccatis
1817 2594 2143 2677 aliquibus
2188 2596 2256 2658 in
2303 2595 2521 2678 aliquo
2570 2617 2728 2660 casu
2774 2596 3090 2678 ambiguo

519 2726 637 2769 nec
670 2705 874 2769 eciam
904 2704 973 2767 in
1003 2701 1372 2767 huiusmodi
1420 2722 1575 2764 casu
1608 2700 1911 2783 ambiguo
1946 2701 2223 2766 scienter
2255 2723 2401 2767 cum
2434 2702 2653 2785 aliquo
2688 2702 3088 2786 dispensabo

519 2812 645 2876 nisi
692 2811 771 2875 de
819 2809 1086 2894 speciali
1132 2807 1440 2899 mandato
1472 2807 1752 2872 Romani
1797 2806 2121 2891 pontificis
2168 2807 2270 2872 vel
2308 2809 2755 2893 penitenciarij
2792 2810 3087 2892 maioriS‚

522 2919 624 2983 cui
679 2919 1038 3002 exprimam
1094 2916 1337 2979 dictum
1395 2936 1618 2978 casum
1675 2914 1813 2979 sine
1868 2914 2141 2978 alicuius
2188 2915 2629 2981 revelacione2
2674 2916 2775 2980 vel
2821 2937 3088 3000 expres-

522 3025 738 3091 sione2
784 3023 1099 3107 persone2
1147 3028 1213 3086 et
1257 3043 1385 3086 non
1431 3022 1764 3103 iniungam
1811 3020 2251 3103 penitencias2
2297 3022 2745 3104 pecuniarias2
2778 3044 3089 3106 expresse

521 3131 715 3195 michi
778 3129 881 3194 vel
947 3129 1140 3194 alicui
1210 3149 1483 3212 persone
1555 3127 1655 3191 vel
1721 3126 1929 3191 ordini
1993 3148 2136 3192 meo
2203 3148 2317 3191 seu
2382 3128 2572 3193 alteri
2636 3129 3083 3212 applicandas

522 3238 730 3321 Super
774 3235 1295 3301 restitutionibus
1360 3255 1510 3299 vero
1575 3233 1985 3315 iniungendis
2053 3239 2120 3298 et
2173 3233 2484 3299 faciendis
2542 3235 2832 3317 servabo,
2887 3242 3089 3319 prout

523 3350 621 3408 est
666 3365 783 3427 per
836 3344 942 3427 pie
997 3341 1304 3407 memorie
1353 3340 1681 3405 dominum
1727 3338 2154 3404 Benedictum
2199 3362 2438 3423 papam
2483 3341 2639 3405 XII.
2690 3343 3085 3424 ordinatum,

523 3456 588 3515 et
634 3450 890 3514 edicta2
937 3450 1154 3513 omnia
1201 3454 1268 3512 et
1314 3447 1568 3530 singula
1614 3446 1923 3529 promitto
1972 3452 2037 3510 et
2081 3447 2224 3512 iuro
2271 3449 2607 3513 attendere
2640 3455 2706 3518 et
2736 3449 3086 3514 observare

524 3558 660 3621 sine
717 3557 892 3622 omni
949 3554 1094 3620 dolo
1155 3561 1219 3619 et
1264 3554 1490 3618 fraude
1539 3574 1615 3617 ac
1661 3552 1942 3617 malicia.
2036 3552 2143 3618 Sic
2190 3575 2292 3619 me
2340 3554 2497 3618 deus
2544 3555 2809 3620 adjuvet
2853 3561 2920 3620 et
2961 3556 3087 3620 hec

525 3669 751 3727 sancta
798 3662 902 3727 dei
950 3661 1302 3743 evangelia.

788 3876 1118 3941 Inicium
1166 3874 1545 3956 evangelij
1608 3873 2031 3938 secundum
2080 3873 2468 3939 dominum
2513 3872 2993 3941 Iohannem.3

699 4001 779 4064 In
837 4000 1152 4083 principio
1210 4004 1352 4063 erat
1405 3998 1674 4062 verbum
1732 4004 1796 4062 et
1850 3997 2117 4061 verbum
2165 4005 2306 4063 erat
2351 4000 2524 4083 apud
2573 3998 2763 4064 deum
2812 4006 2878 4064 et
2921 4000 3082 4065 deus

525 4115 665 4173 erat
710 4107 996 4173 verbum.

701 4214 844 4279 Hoc
892 4218 1034 4276 erat
1079 4213 1145 4274 in
1191 4211 1509 4293 principio
1558 4210 1731 4294 apud
1767 4211 1975 4276 deum.
2042 4210 2277 4277 Omnia
2307 4234 2425 4296 per
2454 4214 2668 4297 ipsum
2700 4213 2876 4279 facta
2909 4221 3079 4297 sunt,

705 4376 722 4406 ¹
760 4375 869 4428 Die
916 4373 1143 4428 Worter
1191 4377 1247 4426 et
1303 4372 1522 4427 adiutor
1577 4390 1670 4428 ero
1718 4373 1791 4428 ad
1836 4373 2185 4427 retinendum
2233 4378 2290 4427 et
2344 4374 2756 4429 defendendum
2811 4377 2935 4430 sind
2990 4394 3080 4430 am

526 4464 719 4519 Rande
754 4481 866 4519 von
903 4461 1192 4515 derselben
1229 4460 1396 4514 Hand
1434 4461 1859 4532 nachgetragen.
2019 4462 2039 4493 ²
2077 4461 2199 4515 Auf
2226 4461 2421 4517 Rasur.
2567 4463 2589 4494 ⁸
2624 4463 2733 4518 Die
2772 4464 3082 4519 Aufschrift

525 4553 675 4608 steht
710 4552 861 4605 nicht
897 4552 1036 4606 iiber
1072 4551 1197 4606 dem
1223 4550 1524 4605 Abschnitt
1558 4551 1798 4606 sondern
1835 4553 1911 4604 im
1936 4551 2079 4605 Text
2114 4551 2228 4604 und
2251 4569 2400 4607 zwar
2424 4553 2480 4604 in
2507 4551 2606 4606 der
2623 4556 2861 4609 zweiten
2887 4554 3079 4610 Halfte

528 4644 627 4696 der
663 4648 842 4696 ersten
880 4641 996 4695 und
1031 4642 1261 4696 zweiten
1298 4639 1464 4694 Zeile.
1780 4639 1791 4649 '
