3242 5184
1258 297 1746 362 -143—

401 479 573 544 Item
620 479 1160 561 quandocumque
1208 477 1484 542 ecclesia
1516 498 1583 541 se
1618 477 1778 541 dicit
1809 474 2157 540 enormiter
2188 494 2330 538 esse
2363 472 2585 554 lesam,
2634 472 2776 537 sub-

219 588 481 652 venitur
546 587 606 651 ei
670 607 786 670 per
848 584 1225 650 benefitium
1281 584 1712 649 restitutionis
1767 583 1834 646 in
1889 583 2210 663 integrum
2228 631 2243 662 ,
2300 602 2428 644 non
2475 580 2776 645 obstante

220 696 610 759 iuramento.

399 800 573 866 Item
621 821 815 883 super
852 799 1326 865 absolutionem
1358 798 1822 864 monachorum
1855 802 1922 861 et
1954 795 2437 879 dispensatione
2470 793 2777 858 scribitur

220 908 495 991 prelatis
544 908 708 988 suis,
755 912 830 971 ut
872 906 997 971 hac
1042 907 1180 971 vice
1226 913 1347 971 etc.

401 1015 573 1080 Item
596 1012 824 1096 „Sicut
841 1013 1151 1097 provide“
1175 1012 1592 1078 confirmatur
1611 1010 1913 1094 quitquid
1950 1031 1989 1073 a
2019 1009 2222 1092 laycis
2242 1009 2435 1075 datur
2465 1008 2775 1091 ecclesijs,

222 1125 358 1187 sive
405 1123 494 1186 sit
538 1123 638 1185 ius
684 1126 1070 1204 patronatus
1118 1121 1252 1185 sive
1300 1119 1570 1201 decima,
1620 1118 1701 1183 de
1748 1137 2018 1182 assensu
2067 1116 2412 1181 diocesani.

402 1228 572 1293 Item
632 1229 715 1292 ad
773 1229 1151 1311 petitionem
1209 1225 1660 1309 religiosorum
1719 1224 2138 1306 collegiorum
2197 1223 2504 1287 scribitur
2551 1223 2777 1306 dyoce-

222 1358 404 1419 sano,
452 1357 535 1401 ne
581 1340 871 1419 tempore
916 1334 1304 1399 visitationis
1351 1332 1769 1397 introducant
1812 1330 2137 1395 seculares
2183 1330 2251 1393 in
2299 1329 2605 1410 claustra,
2653 1329 2777 1393 nisi

222 1444 352 1509 duo
399 1443 503 1509 vel
549 1448 681 1508 tres
729 1442 809 1507 de
855 1441 1131 1507 ecclesia
1176 1439 1553 1506 cathedrali.

402 1551 572 1615 Item
609 1549 783 1632 quod
816 1548 1214 1632 dyocesanus
1248 1552 1546 1611 amoveat
1573 1546 1907 1628 illegitime
1939 1552 2126 1610 natos
2165 1566 2206 1609 a
2253 1543 2604 1626 beneficijS,
2651 1563 2778 1624 que

219 1656 471 1722 habent
517 1657 656 1721 61116
703 1655 1203 1739 dispensatione.

402 1763 572 1827 Item
619 1763 793 1845 quod
841 1762 1184 1846 dyocesani
1230 1762 1483 1845 possint
1528 1782 1758 1843 cogere
1804 1765 2180 1825 executores
2243 1765 2778 1824 testamentorum

220 1871 627 1954 negligentes
674 1870 757 1935 ad
805 1870 1250 1936 executionem
1297 1868 1574 1932 illorum.
2306 1860 2310 1864 ’

402 1977 572 2042 Item
628 1977 802 2060 quod
859 1977 1202 2060 dyocesani
1259 1980 1486 2040 contra
1541 1973 1891 2041 monachos
1939 1974 2263 2041 solitarios
2309 1974 2583 2040 formam
2630 1995 2777 2037 con-

220 2084 352 2166 cilij
406 2090 636 2149 contra
680 2084 846 2148 tales
895 2082 1135 2148 editam
1181 2083 1415 2147 fatiant
1461 2081 1811 2146 observari.

402 2191 570 2255 Item
604 2198 831 2254 contra
862 2189 1354 2255 concubinarios
1392 2188 1832 2271 beneficiatOS,
1866 2194 1940 2253 ut
1976 2187 2170 2271 officij
2207 2189 2309 2253 sui
2348 2188 2638 2253 debitum
2671 2209 2776 2251 ex-

222 2303 571 2380 equantur.
665 2297 978 2362 Similiter
1024 2303 1251 2362 contra
1297 2295 1565 2361 clericos
1612 2316 1795 2360 arma
1841 2301 2175 2380 portantes
2223 2301 2288 2360 et
2334 2296 2685 2360 usurarios,

402 2404 571 2469 Item
619 2404 785 2469 solet
833 2403 1029 2468 scribi
1074 2402 1418 2485 iudicibu8,
1465 2408 1541 2466 ut
1586 2423 1683 2484 ea,
1732 2423 1859 2485 que
1905 2425 1945 2467 a
1990 2403 2220 2468 maiori
2257 2408 2446 2486 parte
2478 2401 2779 2484 collegio-

223 2533 371 2576 rum
419 2511 1005 2576 ecclesiasticorum
1050 2510 1227 2574 licite
1275 2509 1676 2591 ordinantur,
1726 2509 1971 2574 faciant
2016 2510 2365 2591 observari,
2413 2510 2538 2573 nisi
2569 2510 2779 2573 minor

221 2640 378 2702 pars
425 2618 815 2683 rationabile
862 2618 1256 2683 contrarium
1302 2618 1715 2700 proposuerit
1760 2622 1825 2680 et
1871 2616 2190 2681 ostendat.

403 2724 570 2790 Item
617 2724 993 2808 indulgetur
1037 2723 1380 2807 religiosis,
1429 2722 1601 2806 quod
1649 2725 1717 2787 in
1757 2724 1969 2788 causis
2001 2724 2282 2807 proprijs
2313 2724 2566 2806 possint
2595 2724 2777 2787 testi-

226 2833 444 2897 monio
490 2831 767 2896 fratrum
814 2853 1078 2896 suorum
1124 2832 1241 2895 uti.

404 2938 572 3005 Item
638 2938 984 3003 mandatur
1047 2937 1399 3019 iudicibus,
1467 2938 1642 3021 quod
1697 2939 2014 3022 recipiant
2076 2944 2276 3003 testes
2344 2937 2429 3002 ad
2493 2936 2778 3000 futuram

223 3048 605 3113 memoriam
638 3066 832 3129 super
869 3046 1055 3110 bonis
1095 3045 1532 3127 ecclesiarum,
1581 3045 1662 3109 de
1710 3045 1946 3128 quibus
1992 3067 2119 3110 non
2165 3050 2484 3129 apparent
2517 3042 2780 3127 publica

221 3157 675 3219 instrumenta.

403 3260 571 3325 Item
630 3261 804 3343 quod
861 3242 1146 3342 religiosi
1202 3260 1458 3342 possint
1514 3260 1608 3323 uti
1666 3260 2020 3343 privilegijs
2038 3310 2054 3341 ,
2114 3260 2351 3343 quibus
2408 3280 2526 3343 per
2578 3258 2778 3341 negli-
2870 3243 2877 3251 ’

221 3369 513 3452 gentiam
558 3390 687 3432 non
735 3373 888 3431 sunt
931 3367 1052 3448 usi,
1100 3367 1226 3431 nisi
1271 3387 1387 3450 per
1432 3368 1965 3451 prescriptionem
2010 3366 2111 3431 vel
2158 3368 2321 3434 alias
2368 3367 2454 3432 sit
2498 3367 2590 3431 eis
2621 3366 2778 3447 legi-

222 3477 382 3542 time
430 3476 829 3557 derogatum.

402 3583 572 3648 Item
636 3581 812 3665 quod
874 3586 1165 3665 tempore
1218 3581 1548 3646 interdicti
1602 3583 1857 3664 possint
1918 3581 2203 3664 religiosi
2266 3583 2478 3646 ianuis
2540 3582 2777 3647 clausis

223 3689 560 3756 celebrare
608 3688 826 3754 divina
871 3688 1105 3754 officia.

407 3796 617 3881 ”Item
647 3795 1023 3879 indulgetur
1067 3796 1407 3879 religiosis,
1456 3795 1632 3879 quod
1685 3797 1752 3860 in
1812 3796 2260 3878 questionibus
2308 3797 2618 3861 adversus
2665 3818 2776 3862 eos
2833 3810 3099 3869 Fol.‘13¹’.

222 3904 420 3970 motis
467 3926 597 3969 non
643 3909 987 3969 teneantur
1033 3924 1103 3967 se
1151 3902 1496 3968 defendere
1542 3924 1659 3986 per
1706 3902 2013 3967 duellum.

402 4010 572 4075 Item
619 4010 878 4093 quando
924 4031 1074 4075 reus
1129 4011 1725 4075 excommunicatur
1770 4032 1810 4074 a
1856 4009 2150 4093 delegato
2196 4032 2313 4093 pro
2361 4013 2777 4094 contumatia,

222 4118 651 4184 committitur
704 4116 1026 4182 absolutio
1083 4118 1695 4183 excommunicatori
1741 4117 1841 4181 vel
1889 4116 2215 4182 ordinario
2231 4168 2246 4199 ,
2295 4118 2555 4200 quando
2603 4120 2777 4203 expi-

220 4226 394 4290 ravit
440 4224 802 4289 iurisdictio
850 4225 1485 4290 excommunicantis

402 4331 572 4396 Item
628 4332 888 4414 quando
943 4353 1094 4396 reus
1151 4331 1309 4395 dicit
1359 4332 1780 4413 impetratum
1837 4352 1979 4396 esse
2035 4337 2260 4397 contra
2316 4353 2383 4397 se
2439 4332 2522 4397 ad
2578 4354 2780 4397 unum

222 4439 538 4520 iudicem,
601 4438 949 4503 dummodo
1008 4438 1092 4503 ad
1149 4437 1283 4502 litis
1343 4438 1880 4502 contestationem
1941 4460 2070 4504 non
2135 4440 2220 4504 sit
2278 4460 2654 4522 processum
2711 4442 2778 4504 in

222 4567 445 4627 causa,
494 4545 756 4610 additur
800 4567 967 4609 unus
1014 4545 1209 4610 iudex
1255 4543 1457 4609 offitio
1496 4543 1810 4617 auditoris
1851 4551 1918 4608 et
1947 4545 2113 4610 alter
2142 4545 2223 4610 ad
2256 4547 2630 4611 instantiam
2662 4549 2776 4612 rei.

404 4652 571 4717 Item
618 4651 990 4735 indulgetur
1036 4652 1323 4736 collegijs
1372 4651 1789 4715 ecclesiarum
1838 4652 2256 4734 secularium,
2306 4654 2480 4738 quod
2527 4655 2780 4739 possint
