3242 5184
197 448 359 513 bona
403 469 547 529 sua,
604 452 858 512 retento
907 446 1058 529 sibi,
1119 447 1430 530 quamdiu
1476 447 1543 511 in
1600 447 1817 512 seculo
1874 448 2180 530 vixerint,
2229 447 2636 529 usufiuctu1,
2687 448 2742 512 si

197 553 404 620 forsan
463 553 770 636 ecclesie,
837 553 920 619 ad
976 574 1139 635 quas
1196 553 1551 638 pertinent,
1611 575 1653 618 a
1708 553 1923 620 divino
1978 553 2222 619 fuerint
2275 553 2487 620 officio
2545 555 2741 619 inter-

200 661 357 726 dicte
399 661 705 745 ipsosque
751 661 918 726 mori
964 660 1335 743 contigerit,
1396 661 1735 745 sepultura
1790 661 2234 727 ecclesiastica
2284 683 2414 727 non
2468 666 2743 743 negetur

201 767 359 852 apud
402 772 655 833 vestras
701 769 803 833 vel
848 768 1125 833 aliorum
1159 790 1289 834 non
1334 767 1716 832 interdictas
1756 768 2085 850 ecclesiae,
2143 767 2380 851 quibus
2431 767 2743 851 elegerint

201 875 471 958 sepeliri,
529 875 657 940 nisi
712 875 1248 941 excommunicati
1300 875 1404 940 vel
1456 874 1841 940 nominatim
1886 874 1905 965 Η
1949 874 2190 940 fuerint
2241 875 2570 940 interdicti
2630 880 2745 940 aut
2781 886 2899 941 Fol.
2941 884 3056 939 39¹0⁴

197 982 441 1066 publice
485 982 790 1065 usurarij.
884 981 1076 1046 Tales
1133 1003 1389 1065 quoque
1437 981 1815 1064 confratreS,
1877 982 1933 1046 si
1978 992 2102 1047 eos'
2136 981 2554 1049 ecclesiarum
2598 1004 2741 1067 pre-

197 1089 305 1154 lati
355 1110 485 1155 non
533 1089 947 1173 permiserint
1002 1089 1176 1173 apud
1224 1110 1374 1154 suas
1423 1088 1731 1154 ecclesias
1779 1088 2067 1172 sepeliri,
2117 1088 2292 1173 apud
2336 1094 2587 1154 vestras
2635 1088 2741 1154 de-

197 1196 352 1261 ferre
395 1196 663 1281 possitis
702 1194 1008 1260 ecclesias
1055 1195 1489 1262 tumulandos.
1564 1197 1878 1262 Preterea
1926 1196 1981 1261 si
2019 1196 2131 1279 qui
2176 1195 2453 1261 fratrum
2498 1201 2740 1261 vestro-

196 1326 328 1368 rum
373 1304 458 1368 ad
505 1302 911 1386 recipiendas
959 1302 1219 1367 easdem
1265 1301 1710 1368 fraternitates
1756 1302 1858 1368 vel
1904 1302 2209 1368 collectas
2257 1325 2297 1368 a
2333 1302 2515 1368 vobis
2563 1303 2743 1367 missi

195 1409 426 1476 fuerint
470 1411 541 1474 in
586 1409 946 1493 quamlibet
991 1409 1339 1492 civitatem,
1389 1410 1730 1475 castellum
1774 1409 1877 1475 vel
1914 1411 2154 1493 villam,
2202 1412 2271 1474 in
2319 1409 2545 1475 eadem
2593 1410 2741 1474 civi-

194 1521 349 1600 tate,
406 1522 626 1582 castro
681 1516 784 1581 vel
835 1515 992 1581 villa
1047 1523 1177 1580 un‘a
1231 1521 1488 1581 tantum
1547 1516 1822 1582 ecclesia
1876 1518 2080 1601 ipsius
2139 1517 2383 1583 ordinis
2430 1516 2741 1582 fratribus

194 1624 256 1687 in
299 1645 520 1689 eorum
565 1623 846 1688 iucundo
893 1623 1175 1689 adventu
1222 1624 1423 1689 semel
1454 1624 1787 1707 aperiatur
1832 1625 1899 1688 in
1947 1645 2136 1707 anno,
2183 1630 2278 1707 ut,
2326 1623 2602 1689 exclusis
2636 1646 2741 1689 ex·
2828 1670 2832 1675 -

196 1731 676 1796 communicatis
717 1736 784 1795 et
820 1731 1204 1796 nominatim
1250 1730 1632 1813 interdictis,
1681 1730 1900 1795 divina
1935 1732 2029 1797 ibi
2066 1730 2278 1797 officia
2316 1731 2739 1797 celebrentur.

192 1836 547 1903 Statuimus
611 1837 837 1920 etiam,
903 1843 979 1902 ut
1030 1836 1193 1901 nulli
1241 1838 1543 1922 episcopo
1598 1839 1667 1902 in
1716 1837 2005 1922 ecclesijs
2051 1838 2234 1904 vobis
2280 1844 2557 1921 utroque
2603 1839 2743 1903 iure

196 1944 496 2010 subiectis
544 1944 875 2010 interdicti
920 1945 1023 2010 vel
1070 1945 1751 2011 excommunicationis
1801 1946 2191 2011 sententiam
2227 1946 2424 2011 liceat
2458 1945 2741 2029 promul-

191 2072 357 2134 gare.
443 2049 913 2117 Verumtamen
961 2052 1015 2115 si
1062 2051 1361 2134 generale
1408 2051 1826 2117 interdictum
1871 2057 2045 2118 terre
2081 2051 2278 2117 fuerit
2312 2052 2380 2116 in
2418 2052 2576 2117 locis
2611 2053 2741 2117 illis

189 2158 531 2242 prolatum,
582 2158 858 2223 exclusis
907 2159 1475 2224 excommunicatis
1523 2164 1590 2225 et
1633 2159 2018 2224 nominatim
2074 2158 2455 2242 interdictis,
2503 2158 2740 2224 clausis

188 2265 416 2348 ianuis,
470 2265 718 2349 absque
771 2266 1101 2349 signorum
1146 2264 1513 2349 pulsatione
1558 2264 1743 2330 vobis
1792 2265 2009 2330 divina
2054 2264 2268 2333 officia
2313 2265 2739 2332 celebrentur.

189 2372 609 2437 Decernimus
629 2373 896 2457 insuper
914 2374 1303 2439 auctoritate
1323 2372 1702 2457 apostolica,
1724 2378 1817 2454 ut,
1841 2373 2014 2456 apud
2034 2393 2502 2456 quemcumque
2529 2373 2743 2438 locum

189 2501 294 2546 vos
365 2481 589 2545 venire
662 2480 1007 2562 contigerit
1027 2530 1043 2561 ,
1110 2480 1194 2545 ab
1268 2480 1557 2546 honestis
1622 2485 1820 2561 atque
1886 2479 2219 2545 catholicis
2296 2479 2740 2545 sacerdotibus

189 2588 610 2670 penitentiam
623 2593 667 2670 2,
723 2589 1092 2651 unctionem
1148 2608 1262 2652 seu
1317 2586 1606 2671 quelibet
1661 2586 1793 2650 alia
1848 2585 2289 2651 ecclesiastica
2334 2593 2742 2652 sacramenta

191 2692 365 2759 vobis
423 2694 755 2777 suscipere
808 2694 1030 2776 liceat,
1087 2715 1169 2758 ne
1216 2693 1383 2760 forte
1421 2694 1504 2759 ad
1542 2693 2023 2777 perceptionem
2062 2693 2497 2777 spiritualium
2543 2693 2740 2759 bono-

189 2822 326 2864 rum
374 2800 627 2883 aliquid
672 2801 855 2866 vobis
903 2800 1090 2866 desit.
1168 2799 1339 2883 Quia
1384 2822 1536 2866 vero
1583 2822 1806 2866 omnes
1853 2822 2054 2864 unum
2101 2822 2323 2865 sumus
2368 2801 2437 2864 in
2484 2799 2741 2866 Christo

189 2913 250 2971 et
318 2929 453 2973 non
527 2913 629 2972 est
690 2928 1114 2992 personarum
1181 2907 1543 2972 differentia
1610 2907 1785 2990 apud
1853 2907 2072 2990 deum,
2138 2913 2274 2973 tam
2342 2909 2741 2973 remissionis

187 3021 600 3097 peccatorum
638 3036 833 3098 quam
871 3014 1139 3079 alterius
1177 3013 1600 3079 beneficentie
1640 3019 1838 3096 atque
1868 3013 2220 3098 apostolice
2251 3014 2738 3095 benedictioniS,

187 3142 308 3203 que
349 3120 537 3187 vobis
573 3120 828 3186 indulta
865 3127 983 3203 est,
1022 3127 1159 3186 tam
1196 3121 1511 3186 familiam
1548 3125 1832 3185 vestram
1871 3143 2066 3203 quam
2107 3126 2351 3187 vestros
2388 3122 2740 3205 participes

190 3248 325 3292 esse
374 3228 673 3294 volumus
731 3229 1102 3293 servientes,
1179 3227 1380 3292 Nulli
1437 3223 1604 3311 ergo
1645 3227 1905 3293 omnino
1961 3228 2295 3293 hominum
2348 3228 2546 3293 liceat
2596 3250 2739 3312 pre-

190 3334 432 3399 dictum
497 3334 713 3400 locum
768 3340 1011 3399 temere
1065 3333 1450 3418 perturbare
1506 3340 1628 3400 etc.
1687 3356 1894 3417 usque
1950 3340 2440 3419 conserventur,
2508 3336 2739 3400 vestris

191 3446 384 3524 atque
442 3441 720 3507 aliorum
775 3440 880 3506 dei
935 3440 1224 3507 fidelium
1271 3442 1498 3507 usibus
1547 3441 1933 3507 omnimodis
1980 3441 2339 3525 profutura.
2435 3441 2629 3508 Salva
2672 3443 2740 3506 in

191 3549 485 3615 omnibus
516 3547 869 3632 apostolice
901 3548 1073 3613 sedis
1103 3549 1493 3614 auctoritate
1522 3570 1599 3613 ac
1629 3548 2066 3615 declaratione
2105 3549 2356 3632 concilij
2396 3547 2737 3633 generalia

190 3653 255 3720 Si
299 3656 447 3738 quis
494 3655 693 3738 igitur
737 3654 927 3719 huius
974 3661 1193 3721 nostre
1232 3655 1717 3721 constitutionis
1765 3657 2070 3738 paginam
2109 3658 2317 3721 sciens
2366 3662 2485 3720 etc.
2535 3677 2740 3737 usque

189 3761 433 3827 ultioni.
546 3760 1014 3827 Conservantes
1082 3767 1299 3826 autem
1362 3761 1482 3826 hec
1554 3763 2011 3845 omnipotentis
2084 3756 2189 3827 dei
2261 3769 2327 3827 et
2399 3762 2739 3827 beatorum

189 3866 363 3933 Petri
419 3875 486 3934 et
529 3869 732 3957 Pauli.
786 3868 1226 3953 apostolorum
1293 3869 1430 3934 eius
1487 3868 2002 3934 benedictionem
2060 3875 2126 3935 et
2179 3870 2455 3952 gratiam
2519 3891 2738 3935 conse-

191 3981 487 4056 quantur.
572 3977 803 4041 Amen.
870 3974 1099 4040 Amen.
1165 3974 1459 4040 Amen³.

362 4226 381 4258 ¹
406 4225 519 4280 Am
543 4225 754 4294 Raude,
781 4225 1060 4281 vielleioht
1083 4243 1194 4281 von
1220 4221 1511 4281 derselben
1534 4226 1721 4294 Hand,
1747 4227 2173 4297 nachgetragen.
2379 4227 2400 4258 2
2436 4245 2472 4297 p
2511 4229 2583 4281 ist
2617 4229 2675 4280 in
2712 4246 2740 4280 r

191 4314 411 4385 radiert,
460 4333 521 4369 so
566 4310 674 4369 dass
712 4315 853 4384 jetzt
895 4316 1254 4370 renitenciam
1288 4333 1359 4369 zu
1394 4315 1545 4369 lesen
1581 4316 1678 4382 ist,
1726 4332 1841 4370 was
1878 4315 2079 4370 keinen
2116 4316 2250 4371 Sinn
2287 4316 2423 4386 gibt.
2498 4317 2571 4370 Es
2609 4314 2738 4369 muss

195 4402 329 4459 wohl
355 4399 586 4459 heissen:
623 4408 959 4478 postremam
995 4405 1323 4462 unctionem.
1472 4403 1492 4433 ⁸
1526 4403 1595 4460 In
1631 4409 1779 4459 rotet
1814 4402 2033 4459 Schrift.
