3242 5184
236 3618 351 3673 Fol.
394 3618 510 3672 17¹³.

546 458 900 525 Silvensem
1960 465 2025 523 et
2069 460 2162 522 sic
2208 458 2512 523 scribitur
2555 458 2622 522 in
2667 458 2901 523 litteris
2937 480 3111 542 apo-

545 566 995 631 Gradacensem
1042 566 1204 629 alias
1251 565 1471 629 Insule
1517 564 1761 628 viridis,
1963 567 2207 631 stolicis
2230 617 2245 647 ‚
2335 566 2635 629 videlicet
2710 567 2828 629 sub
2906 567 3116 631 titulo

1963 672 2427 736 KarleolensiS.

722 761 809 825 In
855 760 1159 841 Anglia.

2052 849 2140 913 In
2186 850 2450 914 Dacia.

544 886 1159 969 Archiepiscopatus
1278 883 1764 955 Cantuariensis

633 993 750 1056 hos
797 990 997 1056 habet
1043 989 1480 1072 suffraganeos
1872 975 2485 1057 Archiepiscopatus
2549 974 2917 1039 Lundensis
2991 975 3113 1038 hos

1962 1081 2160 1145 habet
2207 1080 2646 1164 suffraganeos

729 1117 769 1180 d
785 1117 855 1180 io
869 1138 903 1179 c
919 1136 953 1179 e
972 1117 1168 1179 sium
1193 1141 1205 1178 :

544 1223 1062 1289 Londoniensem
2055 1205 2096 1268 d
2106 1207 2129 1269 i
2140 1228 2177 1269 0
2191 1228 2225 1269 0
2237 1227 2271 1270 θ
2287 1208 2478 1270 sium
2500 1230 2515 1269 ἲ

543 1330 916 1396 Roffensem
963 1331 1095 1392 sive
1142 1327 1717 1393 Rovecestrensem
1872 1330 2405 1394 Roschildensem

547 1437 1015 1503 Cicestrensem
1875 1435 2322 1501 Ottoniensem

546 1545 979 1608 Exoniensem
1874 1541 2384 1625 Sleswicensem‚
2448 1543 2711 1609 attende
2768 1545 2926 1626 quia
2973 1545 3101 1608 iste

546 1649 1059 1715 Wintoniensem
1964 1655 2064 1712 est
2105 1650 2471 1714 nominatus
2505 1650 2800 1732 superius
2834 1650 2917 1715 de
2950 1673 3102 1733 pro-

543 1757 1059 1941 -Batoniensem}
1094 1806 1215 1870 Isti
1236 1806 1362 1870 duo
1396 1811 1548 1868 sunt
1577 1807 1762 1869 uniti·
1963 1758 2175 1820 vincia
2201 1757 2561 1837 Bremensi‚
2584 1763 2803 1820 tamen
2835 1778 2910 1821 re
2942 1779 3103 1822 vera

547 1864 942 1929 Wellensem
1963 1886 2091 1928 non
2138 1869 2239 1927 est
2284 1864 2410 1926 nisi
2465 1885 2631 1926 unus
2681 1866 3100 1947 episcopatus

548 1970 1092 2036 Saresbiriensem
1965 1970 2084 2034 sub
2124 1971 2250 2033 isto
2281 1969 2594 2033 vocabulo
2628 1969 3094 2051 SleswicensiS‚

547 2077 1063 2160 Wigorniensem
1874 2076 2227 2159 Ripensem

547 2182 1087 2248 Herefordensem
1874 2182 2366 2264 Wibergensem

546 2289 1107 2353 Lichefeldensem
1196 2291 1261 2348 et
1333 2284 1766 2349 Conventren-
1875 2291 2296 2354 Arusiensem

637 2419 773 2460 sem
818 2395 1065 2459 unitas1
1875 2397 2381 2479 Burglavensem
2500 2399 2663 2461 alias
2773 2397 3095 2480 Burgala-

546 2502 1068 2567 Lincolniensem
1963 2524 2247 2567 nensem.

548 2611 1020 2674 Norwicensem

548 2717 876 2780 Efiensem
2052 2681 2140 2744 In
2186 2680 2598 2763 Norwegia.

547 2824 998 2887 Menevengem
1876 2805 2490 2887 Archiepiscopatus
2509 2805 2948 2870 Nidrosiensis
2981 2808 3098 2871 hos

548 2929 1038 2993 Landavengem
1964 2911 2163 2975 habet
2208 2910 2644 2993 suffraganeos

548 3036 1031 3117 Bangorenssem
2053 3054 2513 3118 diocesium:

549 3142 648 3206 De
697 3146 919 3205 sancto
966 3137 1226 3219 Assaph
1253 3139 1295 3201 2.
1875 3178 1931 3241 B
1936 3198 2267 3260 ergensem

551 3248 858 3330 Sequitur
899 3246 1490 3329 archiepiscopatus
1517 3245 1767 3309 Ebora·
1877 3284 2464 3366 staviangriensem

639 3375 869 3418 cessgls·
1876 3391 2491 3473 Hamarcopiensem
2577 3390 2739 3454 alias
2815 3391 3092 3457 Hamar-

549 3478 1163 3560 Archiepiscopatus
1184 3476 1616 3541 Eboracensis
1648 3476 1766 3541 hos
1965 3519 2183 3560 ensem

638 3585 839 3649 habet
884 3582 1319 3664 SUffl'agaUQOS
1874 3604 2290 3693 flAsloensem
2337 3603 2498 3667 alias
2547 3602 2922 3668 Osloensem

730 3709 1154 3775 diocesium
1177 3732 1188 3770 :
1873 3710 2360 3777 Horcadensem

550 3816 1051 3881 Dunelmensem
1876 3816 2260 3881 Sodrensem
2305 3816 2407 3880 vel
2451 3816 2831 3907 Insulanum

553 3923 1017 3988 Cardocensem
1064 3920 1226 3983 alias
1263 3919 1767 4001 Karleolensem,
1878 3921 2301 4003 Faterensem
2349 3923 2450 3986 vel
2495 3921 2930 3987 Farevensem

551 4120 785 4174 anderer
819 4118 984 4171 Tinte
1035 4116 1138 4170 auf
1182 4116 1290 4170 den
1339 4115 1514 4170 freien
1549 4115 1730 4169 Raum
1779 4119 1855 4171 im
1892 4119 2034 4172 Text
2080 4118 2263 4173 hinter
2308 4120 2396 4172 die
2433 4118 2649 4173 Namen
2686 4119 2970 4173 Visensem
3006 4120 3082 4173 bis

551 4208 989 4260 Minduniensem
1040 4205 1462 4275 nachgetragen.
1537 4205 1643 4257 Ein
1693 4206 1980 4275 doppelter
2016 4206 2195 4260 Strich
2247 4209 2403 4262 weist
2453 4208 2578 4261 dem
2617 4207 2899 4279 Nachtrag
2944 4211 3081 4263 seine

551 4296 803 4366 Stellung
839 4301 998 4349 unter
1022 4295 1460 4348 Minduniensem
1497 4311 1583 4347 an.
1733 4295 1752 4325 ¹
1789 4295 1862 4349 Es
1898 4297 2059 4350 stand
2097 4296 2484 4365 urspriinglich
2521 4297 2593 4349 da
2616 4295 3078 4351 Lichefeldensem

551 4387 689 4440 alias
727 4384 1191 4439 conventrensem
1227 4401 1323 4437 seu
1362 4382 1720 4437 cestrensem.
1794 4384 1934 4439 Eine
1971 4386 2172 4439 andere
2209 4384 2376 4438 Hand
2413 4385 2579 4438 strich
2615 4385 2724 4439 den
2748 4387 2944 4441 Zusatz
2979 4402 3077 4442 von

552 4474 691 4529 alias
728 4474 800 4528 ab
838 4490 935 4527 aus
972 4474 1086 4526 und
1122 4472 1338 4527 schrieb
1376 4472 1638 4527 dariiber:
1679 4480 1735 4527 et
1771 4472 2239 4528 Conventrensem
2276 4475 2474 4527 unitas.
2630 4474 2652 4505 ²
2686 4463 2842 4530 Uber
2879 4476 2964 4530 De
2996 4476 3076 4529 ein

550 4565 737 4617 Kreuz
782 4581 893 4618 von
944 4561 1230 4616 derselben
1266 4562 1447 4615 Tinte.
1529 4561 1686 4615 Dazu
1733 4572 1832 4616 am·
1859 4562 2054 4616 Raude
2099 4564 2278 4616 neben
2326 4560 2642 4617 demseren
2689 4564 2924 4619 Zeichen
2968 4581 3075 4619 ver-

552 4652 781 4707 mutlich
826 4668 934 4708 von
980 4653 1211 4706 andercr
1246 4650 1438 4705 Hand:
1491 4651 1759 4706 Attende:
1799 4653 2123 4706 Assavensis
2170 4650 2253 4705 est
2288 4652 2448 4708 idem.
3005 4660 3012 4685 ²
3051 4640 3058 4665 ²
