3242 5184
141 1543 261 1598 Fol.
300 1548 368 1597 45
382 1553 421 1599 α.

1524 286 1968 353 --84-ῌ

471 470 670 553 igitur
714 468 837 534 hoc
881 467 1185 534 indecens
1235 473 1335 532 est
1379 472 1447 531 et
1490 468 1557 531 in
1603 471 2045 549 contemptum
2095 464 2238 530 dei1
2285 469 2352 529 et
2414 462 2687 530 ecclesie
2735 462 3035 529 Romane

468 577 810 659 redundat,
857 575 1386 659 predecessorum
1431 580 1804 639 nostrorum
1850 573 2142 655 vestigijs
2199 570 2569 636 inherentes
2615 572 3037 637 universitati

467 691 678 763 vestre
727 704 844 768 per
890 683 1249 766 apostolica
1295 683 1541 764 scripta
1587 679 1992 761 mandamuS,
2042 680 2376 763 quatinus,
2426 700 2573 743 cum
2620 678 2857 743 fratres
2904 680 3038 762 ipsi

467 791 552 857 ad
614 792 760 857 loca
823 797 1043 856 vestra
1104 812 1221 873 pro
1278 788 1648 854 elemosinis
1704 787 2098 852 accesserint
2152 786 2560 869 colligendis,
2626 785 2906 868 benigne
2962 788 3037 850 in

461 900 756 982 *ecclesijs
789 899 1021 963 vestris
1053 898 1439 980 recipientes
1472 895 1734 961 eosdem
1779 895 1958 977 ipsos
2005 894 2097 959 in¹
2119 893 2411 976 ecclesijs
2457 892 2616 974 ipsis
2657 913 3037 958 ammonere

463 1008 775 1090 populum
831 1012 898 1070 et
952 1006 1337 1070 elemosinas
1392 1003 1596 1068 libere
1654 1023 1926 1085 querere
1981 1002 2396 1084 permittatiS,
2456 999 2843 1065 confratrias
2887 1020 3037 1064 ves-

462 1120 619 1195 traS,
669 1135 833 1196 quas
882 1112 1095 1178 facere
1140 1111 1414 1194 potestis
1463 1110 1721 1191 cotidie,
1769 1110 2058 1192 ipsorum
2099 1107 2491 1191 confratrijS,
2539 1127 2665 1189 que
2713 1107 2916 1172 semel
2962 1108 3037 1171 in

464 1242 633 1286 anno
665 1220 926 1301 fuerint,
974 1219 1346 1283 nullatenus
1377 1222 1832 1301 preponenteS,
1881 1238 1961 1281 ne
1993 1216 2331 1282 occasione
2377 1214 2638 1279 illarum
2678 1214 3035 1280 elemosine

463 1346 824 1410 pauperum
879 1325 1124 1391 Christi
1181 1325 1535 1408 depereant
1591 1330 1658 1390 et
1710 1324 2148 1408 impediantur
2195 1343 2392 1407 opera
2437 1323 2703 1405 pietatis
2718 1328 2761 1387 2.
2856 1321 3037 1387 Sane

463 1436 771 1516 quoniam
805 1455 844 1498 a
874 1435 1114 1498 nostris
1147 1432 1715 1515 predecessoribus
1749 1438 1850 1496 est
1880 1436 2198 1496 statutum
2240 1436 2307 1494 et
2335 1432 2713 1495 innovatum
2746 1451 2787 1493 a
2814 1429 3035 1511 nobiS,

459 1547 533 1604 ut
596 1562 784 1606 nemo
851 1541 1364 1606 excommunicet
1426 1539 1663 1604 fratres
1718 1541 1895 1621 ipsos
1934 1538 1951 1627 ’,ξ
1988 1538 2088 1603 vel
2141 1540 2433 1621 ipsorum
2489 1537 2775 1601 oratoria
2829 1538 3034 1600 inter-

460 1647 637 1712 dicat
690 1650 829 1712 sine
883 1646 1189 1712 mandato
1246 1646 1419 1711 sedis
1468 1646 1822 1729 apostolice
1869 1646 2157 1729 speciali,
2205 1645 2596 1727 precipimus
2643 1643 2826 1709 vobis
2876 1665 3034 1708 auc-

458 1757 722 1819 toritate
768 1757 1187 1838 presentium,
1248 1760 1323 1819 ut
1381 1756 1558 1837 ipsos
1623 1754 2181 1818 excommunicare
2254 1758 2370 1816 aut
2430 1772 2653 1816 eorum
2717 1750 3035 1815 ecclesias

458 1859 844 1927 interdicere
899 1863 1268 1926 nullatenus
1325 1863 1739 1944 presumatis,
1841 1859 1943 1924 De
1997 1858 2443 1943 parrochianis
2503 1863 2721 1922 autem
2767 1858 3035 1939 vestriS,

460 1971 572 2051 qui
623 1968 861 2035 ⁴domos
926 1970 1184 2035 illorum
1248 1967 1563 2033 invadunt
1623 1989 1742 2050 per
1799 1968 2174 2033 violentiam
2219 1966 2321 2031 vel
2364 1965 2726 2047 infringunt
2770 1970 2886 2030 aut
2928 1966 3035 2029 in-

459 2075 696 2140 debitis
744 2077 1058 2160 molestijs
1106 2077 1483 2159 opprimunt
1527 2074 1762 2140 fratres
1810 2077 1986 2158 ipsos
2034 2080 2101 2139 et
2144 2080 2280 2138 tam
2334 2072 2631 2155 deposita
2676 2092 2875 2153 quam
2919 2093 3036 2135 res

460 2181 775 2265 diripiunt
820 2182 1213 2264 eorumdem,
1282 2204 1431 2247 cum
1495 2182 1727 2247 exinde
1782 2182 2269 2264 queremoniam
2324 2179 2743 2263 deposuerint
2805 2199 3037 2243 coram

457 2289 669 2373 vobis,
719 2297 854 2355 tam
913 2290 1274 2355 districtam
1329 2291 1422 2355 eis
1477 2291 1804 2355 iusticiam
1857 2289 2112 2353 faciatis
2169 2294 2236 2353 et
2289 2288 2383 2352 ita
2435 2289 2581 2352 iura
2635 2306 2860 2351 eorum
2916 2285 3035 2349 de·
3119 2367 3125 2373 .

458 2398 720 2464 fendere
802 2420 879 2463 ac
961 2403 1381 2461 manutenere
1454 2399 1693 2461 curetis
1716 2447 1731 2478 ,
1808 2395 1982 2477 quod
2066 2397 2193 2478 ipsi
2257 2394 2341 2458 ad
2404 2415 2522 2459 nos
2584 2415 2704 2477 pro
2768 2392 3036 2458 defectu

458 2507 715 2571 iusticie
762 2526 915 2588 sepe
959 2524 1292 2569 recurrere
1339 2526 1467 2570 non
1514 2509 1856 2586 cogantur,
1915 2502 2030 2567 sed
2076 2524 2192 2567 nos
2242 2500 2717 2566 solicitudinem
2763 2507 2829 2565 et
2873 2500 3036 2566 obe-

458 2612 769 2678 dientiam
825 2619 1109 2677 vestram
1169 2610 1521 2676 debeamus
1578 2612 1810 2674 merito
1875 2609 2327 2675 commendare
2381 2629 2625 2692 vosque
2686 2606 3035 2672 benefitio-

457 2741 630 2802 rum,
689 2741 815 2803 que
871 2721 939 2783 in
995 2724 1222 2782 sancta
1280 2716 1469 2782 domo
1517 2717 1632 2781 illa
1676 2716 1919 2781 fuerint
1940 2766 1955 2797 ,
2020 2717 2373 2800 participes
2438 2715 2754 2780 existatis.
2865 2713 3034 2779 Pre-

466 2832 648 2891 terea
691 2826 934 2891 liberas
983 2831 1049 2890 et
1095 2824 1429 2889 absolutas
1475 2844 1808 2907 personaS,
1857 2844 1983 2906 que
2023 2844 2092 2888 se
2124 2823 2343 2888 domui
2388 2842 2611 2887 eorum
2642 2823 2710 2886 in
2741 2824 3034 2887 sanitate

461 2933 561 2997 vel
607 2932 983 2998 infirmitate
1029 2931 1449 3012 reddiderint,
1498 2931 1700 2997 libere
1747 2951 1822 2994 ac
1869 2930 2355 2995 sine‘molestia
2391 2930 2594 3011 recipi
2623 2929 3030 3011 permittatis

357 3100 360 3101 γ
462 3040 545 3104 ab
604 3042 698 3104 eis
755 3061 874 3104 nec
929 3042 1106 3123 ipsos
1171 3059 1366 3122 super
1418 3037 1541 3103 hoc
1585 3039 1917 3120 temptetis
1966 3037 2374 3119 aliquatenus
2421 3034 2756 3118 impedire.
2847 3035 3031 3101 Illud

460 3154 681 3212 autem
727 3169 857 3212 non
901 3145 1315 3211 mediocriter
1361 3151 1575 3210 movet
1619 3166 1737 3209 nos
1770 3166 1890 3209 nec
1920 3144 2245 3209 modicum
2277 3143 2715 3208 ecclesiastice
2753 3142 3034 3227 derogat

461 3255 807 3337 honestati,
840 3253 1015 3336 quod
1036 3251 1300 3339 quidam
1321 3260 1607 3317 vestrum
1629 3259 1856 3317 contra
1874 3253 2348 3316 institutionem
2369 3256 2740 3314 sanctorum
2759 3256 3030 3336 patrum

456 3365 524 3426 in
569 3362 929 3426 Turonensi
986 3362 1255 3426 concilio
1314 3360 1555 3426 editam
1611 3358 1887 3423 fratrum
1943 3361 2233 3441 ipsorum
2289 3378 2593 3439 corpora,
2641 3378 2802 3421 cum·
2836 3357 3029 3422 dece-

458 3469 639 3550 dunt,
697 3468 926 3533 nolunt
981 3470 1118 3531 sine
1173 3470 1381 3550 pretio
1438 3467 1732 3550 sepelire.
1835 3465 2064 3531 Unde3
2119 3466 2274 3548 quia
2327 3469 2462 3528 tam
2518 3485 2723 3546 prava
2767 3465 3028 3528 exactio

462 3582 527 3639 et
572 3578 798 3657 iniqua
844 3597 973 3640 non
1021 3581 1121 3639 est
1166 3575 1578 3657 aliquatenus
1627 3572 1983 3654 toleranda,
2031 3574 2099 3637 in
2146 3570 2512 3637 obedientie
2543 3570 2726 3636 vobis
2782 3572 3029 3635 virtute

459 3684 887 3765 precipimuS,
937 3688 1010 3745 ut
1053 3681 1230 3747 nullo
1288 3680 1479 3746 modo
1527 3703 1568 3745 a
1611 3679 1923 3769 fratribus
1970 3681 2131 3762 ipsis
2179 3679 2280 3743 vel
2327 3679 2474 3762 alijs
2518 3700 2636 3762 pro
2685 3677 3029 3760 sepultura

459 3791 804 3882 quitquam
871 3791 1126 3871 exigere
1192 3794 1307 3853 aut
1369 3789 1679 3871 recipere,
1744 3788 1871 3851 nisi
1936 3786 2111 3868 quod
2167 3792 2526 3869 spontanea
2571 3784 3025 3850 decedentium

640 4040 659 4072 ¹
697 4040 1008 4095 Handschr.
1062 4045 1146 4094 est
1181 4040 1288 4093 dei.
1471 4039 1492 4070 ²
1529 4038 1737 4094 Hierzu
1793 4039 1884 4092 ein
1933 4042 2080 4092 rotes
2133 4036 2384 4092 Zeichen.
2459 4035 2731 4090 Dasselbe
2783 4035 3025 4091 Zeichen

459 4147 549 4196 am
587 4135 789 4183 untern
825 4129 1050 4199 Raude,
1088 4130 1203 4183 und
1240 4129 1427 4183 hierzu
1467 4129 1525 4181 in
1560 4132 1708 4182 roter
1743 4126 1974 4181 Schrift:
2026 4127 2220 4181 Istud
2269 4125 2644 4196 capitulum
2680 4123 2853 4180 Sane
2899 4130 3021 4179 etc.

460 4220 811 4289 aliquibus
856 4221 1207 4289 competit,
1245 4218 1604 4287 aliquibus
1650 4234 1806 4272 vero
1844 4234 1971 4271 non
2007 4221 2241 4285 utpote
2277 4233 2407 4270 non
2444 4215 2787 4284 exemptis.
2861 4213 3021 4268 Doch

460 4311 533 4363 ist
568 4308 712 4364 Sane
749 4315 851 4363 etc.
889 4309 1044 4362 nicht
1080 4310 1182 4362 mit
1216 4314 1364 4363 roter
1401 4307 1609 4375 Fax-be,
1658 4306 1897 4361 sondern
1935 4307 2037 4359 mit
2073 4304 2362 4361 dei-selben
2398 4303 2566 4359 Tinte
2602 4305 2708 4359 wie
2746 4303 2844 4358 der
2879 4302 3021 4357 Text

460 4398 833 4468 geschrieben.
907 4397 1170 4468 Zugleich
1206 4399 1461 4453 verweist
1497 4398 1588 4451 ein
1612 4395 1847 4450 Zeichen
1882 4394 2151 4451 zwischen
2186 4396 2410 4464 pietatis
2445 4393 2560 4447 und
2596 4391 2742 4447 Sane
2778 4394 2855 4446 im
2878 4391 3022 4446 Text

462 4487 566 4541 auf
595 4489 717 4542 eine
753 4488 899 4542 Note
935 4505 1046 4542 von
1072 4486 1361 4541 derselben
1385 4485 1554 4540 Hand
1590 4485 1707 4539 und
1731 4483 1899 4538 Tinte
1935 4501 2026 4538 am
2051 4483 2247 4538 Raude
2271 4483 2440 4537 links:
2477 4483 2725 4553 precepit
2747 4482 3020 4550 dominuS,

464 4578 613 4647 quod
667 4577 973 4647 capitulum
1026 4577 1174 4631 istud
1230 4577 1438 4630 nemini
1486 4574 1649 4628 detur
1693 4574 1763 4628 de
1808 4579 2014 4642 ceterO,
2080 4574 2213 4643 quia
2272 4591 2385 4628 non
2447 4577 2681 4641 apparet
2731 4576 3017 4624 statutum.

465 4667 486 4697 ⁸
523 4667 728 4720 Hierzu
772 4684 862 4720 am
899 4666 1094 4721 Raude
1130 4667 1188 4719 in
1224 4670 1372 4720 roter
1406 4662 1610 4719 Schrift
1648 4663 1879 4717 Additio
1915 4661 2275 4733 Ole[mentis].
