3242 5184
169 759 283 814 Fol.
335 764 478 815 107⁸.

167 2311 284 2365 Fol.
327 2314 427 2365 107
440 2317 480 2365 ⁸.

167 3521 286 3578 Fol.
327 3521 481 3577 10712.

1545 304 1632 308 ---
1723 264 1852 326 204
1945 303 2030 308 --

869 461 1005 522 per
1066 460 1178 502 me
1225 437 1780 504 Theodericum
1846 438 1936 503 de
1991 438 2252 522 Nyem,
2313 436 2944 503 abbreviatorem
3003 443 3074 501 et

872 530 1327 612 soriPl⁵0rem
1373 545 1824 610 litterarum
1862 545 2509 629 apostolicarum,
2544 543 2902 609 fideliter
2949 564 3071 608 ex-

871 653 1110 716 tracti
1193 651 1283 716 de
1358 650 1559 718 libro
1638 652 2109 717 cancellarie
2184 650 2491 734 prefate
2554 672 2708 716 non-
2769 650 3075 716 modica

869 763 1263 824 vetustate
1296 781 1644 842 corroSO,
1671 763 1879 843 noum
1912 780 2056 842 quo
2087 763 2528 842 presentem
2574 758 2854 822 librum
2890 756 3071 821 dili-

869 871 1138 950 genter
1195 866 1701 931 auscultando
1760 867 1835 930 in
1897 865 2245 932 omnibus
2309 870 2383 930 et
2418 885 2553 948 per
2600 864 2851 931 omnia
2899 884 3073 929 con-

871 973 1199 1040 cordavi.
1278 972 1376 1037 Et
1410 995 1548 1056 per
1594 972 1936 1039 ordinem
1982 972 2286 1038 meliori
2330 972 2575 1055 modo,
2625 992 2771 1055 quo
2817 971 3071 1054 potui,

871 1081 1036 1146 eius
1074 1080 1422 1163 capitula
1459 1079 1817 1163 quelibet
1862 1080 2236 1148 collocavi
2284 1101 2449 1145 cum
2495 1077 3072 1160 nonnullarum,

870 1208 1014 1272 que
1044 1193 1296 1252 tamen
1327 1187 1403 1251 in
1443 1186 1655 1253 dicto
1690 1186 1896 1253 libro
1941 1187 2188 1252 veteri
2236 1186 2586 1267 defuere,
2636 1184 3072 1251 addicioni-

870 1294 1010 1360 bus
1057 1293 1562 1360 rubricarum.

783 1436 1159 1519 Inceptus
1199 1441 1273 1501 et
1317 1435 1711 1520 perfectus
1759 1434 1908 1501 fuit
1951 1435 2156 1501 liber
2201 1435 2640 1503 huiusmodi
2687 1437 2829 1503 sub
2880 1458 3070 1502 anno

873 1564 912 1607 a
943 1543 1359 1608 nativitate
1406 1542 1694 1607 domini
1740 1542 2160 1609 millesimo
2207 1547 2761 1610 trecentesimo
2811 1549 3068 1608 octua-

871 1650 1188 1733 gesimo,
1222 1649 1658 1715 indictione
1698 1650 1947 1714 tercia
1990 1649 2076 1715 de
2116 1671 2375 1715 mense
2407 1650 2698 1735 Aprili,
2744 1652 3069 1716 sanctis-

873 1757 1061 1820 simo
1137 1756 1211 1820 in
1277 1755 1580 1822 Christo
1657 1762 1875 1839 patre
1941 1763 2014 1822 et
2079 1757 2377 1823 domino
2444 1764 2709 1824 nostro
2775 1757 3069 1827 domino

870 1862 1176 1929 Urbano
1221 1886 1420 1948 papa
1449 1862 1565 1929 VI.
1607 1870 2100 1929 sacrosancte
2130 1863 2470 1930 Romane
2519 1887 2605 1929 ac
2650 1865 3071 1931 universali

874 1971 1199 2036 ecclesie
1245 1976 1424 2036 tunc
1471 1970 1810 2036 feliciter
1854 1969 2321 2054 presidente.
2418 1971 2575 2036 Deo
2622 1971 2944 2055 gratias,

786 2096 949 2161 Heu
994 2095 1191 2161 bona
1236 2095 1574 2178 fortuna,
1626 2096 1746 2161 cui
1791 2117 1934 2160 non
1982 2117 2057 2160 es
2106 2095 2453 2161 omnibus
2493 2097 2675 2162 una!

700 2315 725 2395 ΙΙ
749 2310 872 2376 Die
891 2311 913 2349 ¹
944 2311 1154 2394 prima
1185 2311 1425 2375 mensis
1445 2310 1693 2394 Aprilis
1728 2309 2175 2375 sanctissimus
2208 2314 2396 2393 pater
2428 2315 2494 2374 et
2526 2310 2826 2375 dominus
2858 2315 3068 2375 noster

521 2417 816 2484 dominus
861 2417 1226 2484 Bonifatius
1274 2418 1499 2482 divina
1543 2417 1952 2501 providentia
2005 2438 2179 2500 papa
2223 2415 2449 2482 VIIII.
2498 2416 2922 2500 pontificatus
2978 2416 3068 2481 sui

520 2546 687 2590 anno
735 2526 961 2608 quinto
1008 2523 1340 2589 mandavit
1384 2524 1579 2589 michi
1609 2522 2068 2589 Bartholomeo
2101 2523 2455 2606 Francisci,
2495 2524 2745 2607 regenti
2795 2523 3064 2589 officium

520 2631 903 2696 cancellarie
950 2637 1172 2697 sancte
1217 2631 1509 2696 Romane
1557 2631 1857 2712 ecclesie,
1915 2629 2089 2713 quod
2143 2652 2274 2695 non
2339 2630 2705 2713 expedirem
2768 2652 2889 2696 nec
2931 2650 3063 2715 per-

520 2738 843 2802 mitterem
890 2738 1192 2822 expedire
1237 2739 1489 2803 litteras
1524 2759 1719 2822 super
1751 2737 2033 2819 quadam
2066 2737 2538 2820 supplicatione
2571 2759 2690 2820 pro
2722 2735 3062 2802 Wilhelmo

522 2843 601 2910 de
646 2843 1116 2927 Mokenborch,
1165 2845 1472 2909 canonico
1519 2843 1894 2926 Leodiensi,
1945 2865 2140 2927 super
2195 2843 2728 2909 archidiaconatu
2775 2842 3062 2909 Hanonie

519 2951 586 3015 in
618 2952 891 3017 ecclesia
921 2951 1268 3017 Leodiensi
1298 2972 1416 3036 per
1444 2953 1658 3035 ipsum
1691 2950 2021 3015 dominum
2065 2955 2362 3015 nostrum
2400 2951 2673 3033 signata,
2722 2956 2791 3015 et
2836 2949 3059 3015 dictam

520 3059 1056 3142 supplicationem
1103 3058 1435 3124 mandavit
1477 3059 1618 3142 ipse
1667 3058 1961 3122 dominus
2007 3064 2231 3122 noster
2276 3079 2357 3122 ex
2402 3063 2581 3123 certa
2622 3059 2895 3123 scientia
2925 3078 3057 3121 can-

520 3166 740 3230 ceHari
792 3187 910 3250 per
967 3187 1070 3230 me
1125 3171 1193 3230 et
1238 3166 1434 3229 etiam
1481 3165 1728 3230 cassari
1767 3164 1854 3242 ⁸de
1900 3165 2173 3248 registro
2225 3164 2771 3248 supplicationum
2818 3169 3055 3247 aposto-

517 3272 789 3336 licarum
835 3277 901 3337 et
946 3272 1148 3337 artari
1192 3293 1309 3356 per
1353 3293 1455 3337 me
1500 3271 1848 3336 habentem
1896 3271 1980 3335 ad
2025 3271 2488 3355 reportandum
2534 3292 2677 3336 eam
2722 3270 2918 3335 michi
2948 3267 3052 3334 sub

520 3379 704 3461 penis
752 3379 1097 3444 consuetis.

702 3508 726 3587 ΙΙ
776 3502 909 3567 Nos
925 3503 951 3542 ²
978 3502 1430 3587 Ramnulphus
1477 3504 1903 3568 miseracione
1950 3501 2167 3567 divina
2211 3502 2384 3567 tituli
2431 3507 2652 3567 sancte
2684 3501 3050 3568 Potentiane

514 3609 842 3694 ‚presbiter
873 3609 1216 3674 cardinalis
1223 3660 1238 3692 ,
1259 3631 1489 3692 gerens
1512 3609 1795 3675 officium
1817 3609 2199 3674 cancellarie
2220 3614 2443 3674 sancte
2461 3609 2755 3675 Romane
2785 3606 3047 3684 ecclesie,

522 3716 601 3782 de
664 3717 971 3782 mandato
1027 3717 1420 3781 sanctissimi
1473 3718 1541 3781 in
1588 3714 1844 3781 Christo
1900 3717 2105 3799 patris
2163 3721 2230 3780 et
2283 3715 2528 3780 domini
2580 3717 2787 3781 nostri
2832 3710 3047 3779 domini

521 3824 772 3890 Urbani
819 3823 1035 3888 divina
1079 3823 1493 3906 providencia
1522 3844 1692 3906 pape
1723 3821 1838 3887 VI.
1874 3822 1955 3887 ad
1990 3807 2381 3888 obviandum
2425 3822 2730 3906 periculis
2778 3828 2843 3887 et
2885 3839 3044 3884 scan-

523 3931 763 3996 dalosis
809 3931 1117 4014 negocijS,
1166 3951 1292 4012 que
1341 3930 1773 3994 verisimiliter
1819 3930 2072 3994 evenire
2119 3928 2576 4010 formidantur,
2626 3927 3041 3994 ordinaciones

520 4038 788 4103 fecimus
856 4036 1356 4119 subsequentes,
1424 4058 1585 4118 quas
1643 4037 1947 4101 iussimus
2012 4036 2079 4100 in
2133 4037 2419 4120 presenti
2476 4035 2642 4100 libro
2691 4029 3040 4101 cancellarie

521 4145 839 4211 annotari.

698 4269 788 4333 Et
839 4269 1048 4352 primo
1105 4267 1278 4350 quod
1325 4268 1539 4333 nullus
1588 4269 1972 4351 scriptorum
2022 4289 2137 4333 seu
2184 4266 2663 4332 abreviatorum
2709 4267 3034 4330 litterarum

700 4537 719 4569 ¹
757 4536 955 4606 Spater
989 4555 1101 4593 von
1137 4537 1370 4591 anderer
1423 4535 1591 4590 Hand
1649 4534 2023 4606 hinzugefiigt.
2191 4535 2212 4567 ²
2262 4535 2494 4592 Wieder
2548 4535 2752 4593 andere
2804 4548 2904 4588 von
2942 4526 3031 4580 den

526 4626 1009 4698 vorhergelienden
1043 4627 1285 4681 Handen
1319 4625 1709 4683 verschiedene
1749 4624 1931 4679 Hand.
