3242 5184
79 1498 199 1553 Fol.
240 1504 305 1553 47
318 1505 357 1552 ⁸.

1457 247 1881 308 —88—

395 447 546 490 vero
566 504 571 508 .
591 446 852 507 gravem
900 426 1086 507 culpe
1133 423 1456 488 maculam
1503 423 1895 489 contrahunt
1940 427 2007 488 et
2065 445 2196 487 non
2253 421 2668 488 mediocriter
2725 421 2949 487 oculos

395 533 609 607 divine
655 532 1017 596 maiestatis
1056 530 1409 613 offendunt,
1460 531 1571 614 qui
1621 551 1719 612 ea,
1769 551 1894 613 que
1943 530 2144 595 sacris
2192 529 2296 594 dei
2345 529 2636 613 ecclesijs
2684 535 2751 594 et
2795 529 2950 593 viris

393 640 690 722 religioni
754 644 821 703 et
872 638 1200 703 honestati
1264 637 1499 703 deditis
1555 637 2034 702 rationabiliter
2079 637 2145 701 in
2192 643 2581 703 testamento
2626 637 2950 718 legantur,

391 746 757 811 temeritate
805 745 1098 828 qualibet
1144 745 1431 810 detinere
1461 751 1863 828 presumunt,
1912 744 2319 809 universitati
2351 744 2601 809 vestrel
2647 765 2764 828 per
2795 766 2952 827 apo-

396 854 629 918 stolica
676 852 921 936 scripta
975 852 1359 917 mandamus
1417 858 1614 935 atque
1669 852 2060 935 precipimus
2084 901 2100 932 ,
2167 853 2472 933 quatinus
2496 900 2512 933 ,
2580 853 2636 918 si
2691 851 2956 934 quando

394 959 668 1044 predicti
701 958 935 1023 fratres
969 950 1199 1024 exinde
1234 958 1408 1042 apud
1439 981 1551 1024 vos
1585 959 2055 1041 querimoniam
2088 958 2524 1042 deposuerint,
2571 957 2739 1039 illos,
2789 980 2957 1041 quos

394 1068 576 1133 vobis
623 1068 1123 1149 nominaverint,
1174 1068 1227 1130 si
1274 1067 1455 1132 vobis
1501 1067 1597 1131 ita
1644 1087 1786 1131 esse
1833 1066 2226 1147 constiterit,
2275 1065 2594 1130 moneatis
2641 1065 2960 1130 attentius

399 1182 464 1240 et
510 1174 866 1240 districtius
915 1174 1337 1258 compellatiS,
1386 1180 1460 1266 ut
1516 1196 1614 1256 ea,
1664 1194 1790 1256 que
1836 1174 2146 1256 predictis
2192 1172 2505 1237 fratribus
2553 1179 2705 1237 sunt
2748 1173 2817 1237 in
2861 1178 2961 1236 te-

397 1288 719 1347 stamento
763 1281 1014 1363 legata,
1073 1288 1322 1347 remoto
1369 1281 1826 1365 appellationis
1884 1280 2219 1345 obstaculo
2279 1281 2419 1345 sine
2478 1280 2805 1345 malitiosa
2864 1278 2961 1343 di-

397 1391 640 1454 latione
681 1389 929 1471 absque
978 1389 1409 1453 diminucione
1455 1389 1832 1471 persolvant
1868 1387 1969 1452 vel
2001 1388 2067 1451 in
2098 1387 2431 1470 presentia
2461 1392 2699 1469 vestra,
2735 1386 2960 1470 appel-

396 1498 639 1561 latione
686 1501 974 1578 remota,
1024 1495 1374 1560 exhibeant
1418 1497 1673 1560 iusticie
1722 1495 2300 1586 comffplementum.
2396 1493 2644 1575 Quodsi
2689 1495 2961 1560 monitis

398 1605 630 1669 vestris
663 1624 892 1687 parere
932 1604 1456 1687 contempserint,
1505 1624 1614 1667 eos
1648 1602 2086 1686 appellatione
2120 1608 2415 1666 cessante
2444 1622 2653 1684 usque
2687 1601 2771 1666 ad
2810 1622 2963 1666 con-

400 1710 661 1793 dignam
710 1709 1224 1775 satisfactionem
1271 1710 1952 1775 excommunicationis
1999 1710 2252 1773 vinculo
2301 1709 2697 1791 astringatis,

663 2008 1781 2098 ArchiepiscopiS,’episcop‘is
1830 2020 1903 2078 et
1949 2012 2582 2097 archidyaconiS,
2632 2011 2724 2076 ad
2772 2034 2967 2095 quos

761 2121 1117 2185 litterere
1163 2122 1311 2185 iste
1359 2120 1375 2207 3³
1421 2121 2002 2207 pervegnerir'xtss.

580 2282 741 2346 Cum
807 2281 1026 2346 dilecti
1090 2282 1205 2365 filij
1278 2330 1293 2346 .
1350 2331 1365 2345 .
1433 2281 1668 2346 fratres
1733 2280 2239 2347 Ierosolimitani
2301 2281 2643 2365 hospitalis
2709 2280 2965 2347 nullum

401 2389 692 2454 habeant
755 2389 1129 2473 episcopum
1195 2388 1296 2453 vel
1360 2390 1683 2470 prelatum
1746 2395 1966 2472 preter
2028 2388 2395 2454 Romanum
2458 2387 2832 2472 pontificem
2897 2395 2970 2453 et

402 2496 670 2580 speciali
717 2496 1130 2578 prerogativa
1175 2495 1503 2578 gaudeant
1548 2495 1907 2576 libertatiS,
1974 2518 2101 2562 non
2162 2495 2349 2560 decet
2403 2518 2516 2560 vos
2573 2496 2640 2559 in
2697 2517 2807 2560 eos
2862 2495 2968 2560 vel

403 2604 672 2668 clericos
730 2609 846 2667 aut
899 2603 1208 2668 ecclesias
1266 2624 1516 2683 eorum,
1584 2604 1651 2666 in
1707 2601 1943 2685 quibus
1998 2609 2389 2686 potestatem
2455 2603 2964 2668 ecclesiasticam

403 2732 531 2775 non
577 2710 863 2790 habetiS,
923 2709 1171 2791 absque
1229 2709 1535 2774 mandato
1592 2716 1816 2774 nostro
1873 2711 2555 2775 excommunicationis
2610 2710 2710 2774 vel
2765 2711 2965 2774 inter-

406 2816 563 2881 dicti
603 2818 992 2881 sententiam
1022 2817 1455 2900 promulgare.
1535 2816 1664 2881 Sed
1698 2818 1753 2881 si
1786 2817 2046 2900 quando
2078 2840 2191 2881 vos
2223 2817 2325 2881 vel
2372 2817 2667 2882 subditos
2714 2824 2966 2883 vest-ros

403 2922 602 3007 ijdem
669 2922 904 2988 fratres
962 2923 1201 2988 iniuste
1256 2924 1705 3006 gravaverint,
1771 2945 1887 3007 per
1941 2946 2053 2988 vos
2109 2930 2225 2988 aut
2277 2925 2540 2988 nuntios
2593 2930 2844 3007 vestros
2897 2923 2966 2988 id

404 3030 701 3095 Romano
747 3028 1038 3113 pontifici
1085 3029 1451 3113 significare
1500 3031 1740 3109 curetis
1787 3053 1865 3096 ac
1900 3053 2015 3115 per
2061 3032 2273 3114 ipsum
2321 3031 2401 3095 de
2433 3031 2805 3096 memoratis
2836 3031 2966 3096 fra-

405 3137 615 3202 tribus
679 3138 1003 3202 iusticiam
1071 3137 1383 3202 obtinere.
1476 3138 1640 3202 Inde
1705 3145 1805 3202 est
1869 3138 2039 3221 quod
2104 3138 2516 3203 universitati
2581 3143 2794 3203 vestre
2849 3160 2969 3221 per

407 3244 765 3327 apostolica
811 3244 1055 3327 scripta
1100 3244 1485 3309 mandamus
1546 3250 1745 3327 atque
1800 3245 2195 3330 precipimus
2218 3294 2234 3327 ,
2299 3245 2647 3331 quatinus³
2701 3245 2769 3308 in
2823 3266 2968 3329 pre-

407 3351 614 3416 dictos
661 3350 895 3416 fratres
943 3351 1077 3415 sive
1125 3351 1392 3416 clericos
1441 3358 1557 3416 aut
1602 3351 1910 3417 ecclesias
1959 3373 2183 3418 eorum
2204 3401 2220 3434 ,
2286 3353 2355 3417 in
2403 3352 2640 3435 quibus
2689 3354 2968 3418 auctori-

407 3465 608 3523 tatem
674 3479 1089 3542 nequaquam
1152 3459 1447 3540 habetis,
1516 3460 2199 3525 excommunicationis
2264 3460 2365 3524 vel
2428 3459 2758 3525 interdicti
2825 3481 2969 3524 sen-

407 3567 680 3631 tentiam
741 3565 1155 3650 promulgare
1220 3566 1590 3630 nullatenus
1652 3566 2044 3649 presumatis
2108 3587 2229 3631 nec
2290 3587 2400 3631 eos
2457 3566 2622 3632 alias
2675 3566 2972 3632 indebita

409 3674 748 3738 vexatione
793 3673 1110 3755 gravetis,
1179 3668 1294 3738 sed
1350 3693 1506 3755 erga
1559 3674 1736 3755 ipsos
1793 3694 1905 3738 vos
1953 3672 2174 3738 taliter
2217 3673 2555 3754 habeatis,
2619 3672 2794 3757 quod
2840 3695 2971 3738 non

409 3781 696 3846 habeant
741 3779 1048 3845 adversus
1095 3802 1208 3844 vos
1254 3781 1596 3844 materiam
1645 3780 2056 3863 querelandi,
2105 3782 2360 3862 scituri,
2408 3779 2582 3864 quod
2605 3831 2620 3862 ,
2687 3781 2743 3845 si
2789 3802 2971 3844 man-

413 3887 636 3952 datum
683 3893 978 3953 nostrum
1023 3887 1436 3970 neglexeritis
1482 3889 1549 3950 in
1594 3886 1720 3951 hac
1764 3892 1979 3970 parte,
2047 3887 2372 3953 dimittere
2417 3909 2548 3953 non
2592 3888 2971 3971 poterimuS,

413 3996 570 4083 quin
619 3994 862 4060 eisdem
910 3993 1222 4059 fratribus
1268 3994 1336 4058 in
1383 4014 1506 4059 sua
1549 3994 1831 4076 iusticia,
1881 3995 1938 4058 si
1985 3995 2159 4079 apud
2205 4016 2323 4060 nos
2372 3994 2704 4078 querelam
2735 3994 2973 4059 iterum

414 4100 849 4185 deposuerint,
900 4100 1250 4166 efficaciter
1294 4100 1635 4183 providere
1682 4122 1999 4166 curemus,

594 4351 613 4383 ¹
650 4351 759 4406 Die
795 4350 1146 4421 Abkiirzung
1181 4352 1337 4408 weist
1373 4350 1477 4405 auf
1506 4356 1746 4407 vestram
1785 4352 1898 4405 hin.
2074 4351 2096 4384 ²
2130 4353 2486 4421 pervenerint
2519 4353 2579 4404 in
2612 4353 2750 4408 zwei
2785 4351 2973 4407 Zeilen

416 4460 505 4497 am
543 4441 755 4507 Raude,
794 4440 921 4497 weil
959 4441 1058 4495 der
1081 4439 1240 4495 Platz
1276 4442 1351 4494 im
1378 4440 1551 4495 Texte
1589 4440 1778 4496 fehlte.
1925 4440 1947 4472 ³
1984 4439 2140 4495 Nach
2176 4440 2556 4510 pre[cipimus]
2593 4443 2682 4495 ein
2719 4440 2971 4509 Zeiohen,

417 4527 526 4585 dass
564 4533 654 4585 ein
691 4530 856 4585 Wort
891 4529 1044 4584 fehlt.
1117 4529 1391 4584 Dasselbe
1429 4529 1665 4585 Zeichen
1710 4549 1798 4584 am
1838 4530 2033 4584 Rande
2072 4530 2219 4583 links
2256 4531 2369 4582 und
2408 4530 2663 4585 daneben
2700 4532 2789 4585 ein
2824 4536 2975 4586 roter

417 4618 611 4676 Strich.
684 4618 845 4674 Dazu
882 4637 993 4674 von
1030 4620 1170 4675 ders,
1207 4619 1395 4689 Hand,
1434 4619 1643 4675 welche
1680 4620 1788 4674 den
1824 4618 1966 4673 Text
2001 4619 2217 4674 schrieb
2254 4621 2532 4690 quatinus.
2966 4644 2975 4648 ·
