3242 5184
143 2296 261 2352 Fol.
304 2300 405 2351 105
418 2303 458 2350 ⁸.

1510 318 1597 324 -w
1692 277 2000 339 200-—

484 450 846 534 diligenter,
880 458 947 516 et
983 454 1037 517 si
1083 473 1163 518 ex
1206 451 1661 520 informatione
1706 451 2074 519 huiusmodi
2118 451 2403 535 reperiat
2446 451 2704 533 iustam,
2753 451 3034 516 rationa-

483 557 682 624 bilem
718 565 786 623 et
813 558 1218 643 probabilem
1265 560 1402 624 eiuS
1451 564 1735 635 oausam,
1785 581 1981 643 quam
2025 559 2548 625 informationem
2595 557 2679 623 ad
2718 558 3036 623 cautelam

483 666 551 730 in
596 666 852 749 scriptis
896 665 1226 732 redactam
1274 665 1398 732 sibi
1443 666 1644 733 faciat
1687 665 1996 749 exhiberi,
2055 687 2200 732 eam
2246 685 2573 732 assumere
2627 666 2869 749 poterit
2923 686 3037 731 suo

483 774 843 858 patrocinio
890 772 1339 839 adiuvandam.
1360 774 1382 812 ¹

663 878 733 945 Si
785 900 937 946 vero
981 881 1290 945 iniustam
1337 886 1403 946 et
1446 880 1811 964 improbam
1856 902 1937 947 ex
1983 879 2157 946 dicta
2201 879 2655 946 informatione
2699 881 3039 964 repererit,

487 1009 632 1053 eam
676 1009 805 1052 non
853 993 1144 1052 assumat
1162 1037 1178 1070 ,
1245 986 1359 1053 sed
1413 1009 1453 1053 a
1505 989 1865 1071 patrocinio
1922 1009 2038 1053 suo
2094 988 2370 1071 repellat
2428 988 2728 1072 partique
2782 987 3041 1072 repulse

489 1094 801 1176 consulat,
850 1094 1023 1176 quod
1060 1095 1299 1160 dictam
1348 1116 1609 1160 causam
1658 1095 1943 1160 dimittat
1986 1116 2106 1161 nec
2149 1096 2218 1161 in
2255 1095 2705 1179 prosecutione
2735 1095 2943 1179 ipsius
2976 1115 3044 1159 se

490 1207 556 1266 et
599 1200 872 1267 alteram
916 1207 1170 1284 partem
1214 1208 1402 1268 vexet
1444 1201 1779 1268 laboribus
1827 1208 1893 1268 et
1939 1203 2257 1286 expensis.

755 1395 871 1461 Ad
915 1396 1181 1462 idem.²

669 1539 775 1604 Ad
819 1538 940 1605 hec
986 1540 1328 1605 statuimus
1342 1541 1386 1623 ³,
1435 1540 1608 1623 quod
1655 1560 1876 1606 omnes
1924 1546 1992 1605 et
2035 1540 2271 1624 singuli
2318 1540 2756 1606 advocationis
2805 1545 2878 1605 ct
2904 1561 3045 1624 pro-

492 1648 842 1712 curationis
900 1646 968 1709 in
1025 1648 1236 1712 causis
1292 1646 1498 1713 offitia
1551 1648 1618 1711 in
1679 1646 1978 1713 Romana
2041 1649 2220 1712 curia
2285 1653 2657 1713 exercentes
2711 1652 3047 1731 presentes

494 1759 560 1820 et
612 1754 858 1837 posteri
910 1754 1105 1818 tactis
1162 1755 1588 1820 sacrosanctis
1647 1754 1994 1839 evangelijs
2049 1760 2342 1838 prestent
2393 1754 2821 1837 corporaliter
2879 1755 3047 1819 iura-

493 1866 811 1942 mentum,
869 1859 1043 1943 quod
1087 1867 1335 1944 partes,
1383 1883 1659 1945 quarum
1701 1862 2133 1945 patrocinium
2179 1862 2611 1944 susceperint,
2659 1860 2946 1927 fideliter
2989 1867 3051 1926 et

495 1970 634 2034 sine
665 1968 1195 2051 tergiversatione
1243 1968 1462 2051 aliqua
1508 1969 1814 2034 adiuvare
1860 1967 2200 2051 curabunt,
2250 1974 2317 2034 et
2359 1968 2447 2051 id,
2495 1967 2669 2051 quod
2712 1989 2944 2034 verum
2990 1974 3052 2033 et

494 2077 738 2141 iustum
785 2075 1252 2157 extimaverint,
1288 2076 1420 2141 suis
1462 2075 1785 2141 clientulis
1825 2075 2063 2141 inferre
2095 2074 2466 2157 studebunt,
2514 2096 2743 2141 causas
2791 2095 3052 2159 quoque

494 2182 824 2267 improbas
872 2182 1152 2248 scienter
1195 2203 1324 2247 non
1368 2183 1709 2267 recipient,
1767 2188 1834 2247 et
1888 2182 1944 2247 si
1997 2203 2160 2265 quas
2214 2183 2578 2266 receperint
2628 2182 2841 2266 partis
2890 2182 3052 2248 forte

494 2288 851 2373 mendacijs
908 2288 1268 2370 coloratas,
1334 2309 1460 2371 que
1515 2289 1641 2355 sibi
1692 2290 1862 2353 iuste
1908 2290 1976 2354 in
2011 2290 2328 2374 principio
2379 2294 2405 2374 ΙΙ
2454 2289 2832 2356 viderentur
2880 2296 2948 2354 et
2989 2290 3053 2353 in

496 2417 805 2481 processu
835 2395 1053 2479 iudicij
1090 2402 1448 2480 appareant
1475 2397 1635 2480 ipsis
1672 2397 1928 2478 iniuste,
1976 2397 2265 2480 ipsarum
2310 2397 2742 2480 patrocinium
2786 2397 2861 2460 in
2909 2419 3052 2462 con-

497 2504 729 2570 tinenti
773 2503 1122 2568 dimittant.
1215 2503 1601 2568 Huiusmodi
1658 2523 1914 2588 quoque
1966 2505 2399 2569 iuramentum
2453 2504 2748 2569 advocati
2795 2509 2869 2569 et
2911 2525 3054 2587 pro·

498 2616 828 2676 curatores
877 2632 1218 2676 causarum
1263 2610 1331 2674 in
1387 2609 1562 2675 dicta
1604 2609 1903 2676 Romana
1956 2613 2136 2676 curia
2191 2612 2542 2676 existentes
2588 2617 2940 2676 teneantur
2990 2612 3056 2674 in

497 2717 796 2782 manibus
843 2716 1349 2801 vicecancellarij
1390 2716 1667 2800 predicti
1710 2722 2002 2801 prestare
2034 2717 2458 2800 corporaliter
2470 2717 2515 2799 4,
2563 2723 2638 2782 ut
2670 2716 3000 2801 prefertur
3012 2719 3053 2800 ⁵,

498 2822 789 2906 illudque
824 2824 893 2888 in
922 2822 1236 2888 Kalendis
1270 2822 1571 2889 Octobris
1617 2823 1720 2888 vel
1763 2845 1880 2907 per
1926 2824 2179 2907 aliquos
2210 2823 2347 2889 dies
2380 2829 2530 2888 ante
2562 2825 2748 2890 annis
2783 2825 3054 2908 singulis

499 2931 758 3012 iterare,
805 2951 925 2995 nec
971 2936 1122 2995 ante
1152 2931 1618 3012 prestationem
1649 2931 1852 3014 ipsius
1889 2932 1957 2994 in
1989 2932 2371 2996 consistorio
2416 2930 2519 2995 vel
2562 2952 2680 3014 per
2724 2932 3053 2998 auditores

500 3036 826 3121 predictos
874 3035 958 3102 ad
1004 3036 1361 3102 exercenda
1407 3058 1525 3102 sua
1571 3036 1785 3102 officia
1831 3023 2275 3103 admittantur.
2368 3037 2447 3101 In
2495 3036 2750 3123 salarijs
2765 3038 2792 3077 ⁶
2841 3044 3054 3104 autem

502 3143 746 3209 eisdem
802 3143 1133 3209 advocatis
1199 3143 1520 3209 solvendis
1576 3149 1713 3209 tam
1766 3165 1883 3227 pro
1946 3166 2288 3209 causarum
2347 3145 2791 3228 propositione
2863 3167 3054 3229 quam

499 3251 791 3335 ipsarum
835 3252 1286 3335 prosecutione
1340 3250 1509 3315 hanc
1562 3249 2069 3315 moderationem
2124 3252 2468 3316 statuimus
2525 3251 3000 3317 observandam
3012 3251 3052 3332 ⁷,

502 3363 577 3422 ut
620 3358 817 3443 ijdem
863 3358 1159 3424 advocati
1203 3380 1320 3441 pro
1368 3358 1647 3422 cuiusvis
1694 3356 2024 3422 electionis
2064 3379 2180 3422 seu
2223 3357 2677 3441 postulationis
2723 3359 2792 3422 in
2842 3358 3053 3424 cathe-

504 3465 671 3530 drali
725 3464 830 3530 vel
880 3465 1162 3548 regulari
1218 3464 1490 3530 ecclesia
1548 3464 1953 3530 concorditer
2008 3464 2111 3529 vel
2154 3463 2540 3529 discorditer
2586 3464 2916 3530 celebrate
2959 3463 3052 3529 vel

505 3572 932 3638 accusationis
989 3591 1103 3636 seu
1157 3570 1664 3636 denuntiationis
1720 3571 2157 3652 cuiuscunque
2212 3570 2447 3654 prelati
2502 3571 2895 3636 cathedralis
2958 3570 3052 3634 vel

504 3677 820 3763 regularis
877 3677 1145 3743 ecclesie
1198 3677 1300 3742 vel
1355 3678 1623 3742 alterius
1684 3677 2121 3761 cuiuscunque
2177 3676 2437 3759 querele
2491 3678 2938 3760 propositione
2988 3678 3051 3741 in

688 3930 705 3961 ¹
741 3928 955 4000 Desgl.:
1011 3946 1070 3983 se
1106 3927 1367 3981 informet
1411 3932 1467 3981 et
1513 3928 1822 3996 improbam
1867 3944 1978 3981 non
2027 3924 2303 3995 assumat,
2341 3927 2439 3981 sed
2486 3928 2737 3982 consulat
2779 3927 3047 3993 clientulo,

506 4037 577 4073 ne
613 4022 894 4089 sequatur.
1093 4017 1114 4048 ²
1149 4017 1261 4069 Am
1297 4016 1454 4071 Ende
1492 4016 1591 4070 der
1626 4015 2117 4086 vorhergehenden
2154 4015 2318 4070 Zeile.
2511 4016 2533 4046 ⁸
2570 4016 2680 4069 Am
2717 4016 2913 4072 Rande
2949 4032 3046 4070 von

506 4108 756 4176 anderer,
792 4106 919 4162 sehr
954 4105 1245 4177 fliichtiger
1279 4105 1468 4175 Hand,
1505 4106 1612 4160 wie
1649 4104 1816 4160 oben:
1872 4106 2242 4158 iuramentum
2279 4105 2675 4160 advocatorum
2712 4110 2769 4159 et
2802 4120 3047 4176 procura-

508 4204 706 4252 torum.
863 4195 885 4226 ⁴
921 4195 1032 4249 Am
1068 4196 1264 4251 Raude
1299 4193 1445 4247 links
1481 4211 1594 4249 von
1630 4193 1865 4248 anderer
1900 4194 2092 4248 Hand:
2132 4198 2279 4248 nota.
2443 4194 2464 4224 ⁶
2500 4194 2612 4247 Am
2648 4194 2843 4249 Rande
2880 4192 3045 4247 rechts

507 4303 619 4342 von
665 4284 955 4340 derselben
999 4284 1303 4355 fliichtigen
1333 4272 1541 4351 Hand,
1595 4282 1806 4338 welche
1856 4282 1946 4337 die
1997 4282 2102 4337 auf
2145 4283 2256 4337 den
2291 4282 2434 4337 Text
2477 4281 2839 4355 beziiglichen
2875 4280 3045 4336 Rand-

515 4374 927 4446 bemerkungen
964 4375 1063 4428 der
1096 4372 1587 4445 vorhergehenden
1621 4371 1809 4426 Seiten
1843 4370 2085 4427 schrieb:
2124 4372 2274 4442 quod
2298 4373 2553 4427 advocati
2590 4377 2645 4427 et
2679 4376 3044 4443 procuratores

509 4482 656 4519 anno
692 4463 944 4533 quolibet
977 4465 1183 4518 iterant
1215 4465 1599 4517 iuramentum.
1733 4461 1756 4493 ⁶
1790 4460 1902 4514 Am
1927 4460 2122 4515 Rande
2158 4462 2338 4516 rechts
2375 4461 2571 4533 desgL:
2611 4462 2681 4516 de
2715 4460 2925 4530 salarijs
2958 4457 3043 4512 ad-

509 4558 832 4611 vocatorum
867 4554 927 4606 in
963 4553 1284 4607 consistorio
1321 4556 1378 4605 et
1412 4555 1581 4606 extra.
1718 4551 1737 4581 ⁷
1773 4549 1987 4622 Desgl.:
2027 4550 2251 4621 quando
2285 4552 2614 4623 proponitur
2646 4552 2707 4606 in
2742 4548 3042 4605 consistorio

512 4644 708 4700 electio
743 4643 835 4699 vel
872 4642 1185 4713 postulatio.
