3242 5184
1233 272 1722 334 ——207—

381 454 404 533 ΙΙ
427 449 616 513 Anno
636 446 1179 513 M⁰GOG0LXXX
1211 447 1314 512 die
1333 447 1416 511 X.
1442 445 1742 513 Octobris
1774 446 2189 530 pontificatus
2237 449 2481 514 domini
2500 448 2750 514 Urbani
2808 450 2925 505 Fol-
2950 455 3047 504 111
3063 460 3102 505 ⁸-

173 578 362 639 pape
404 554 515 621 VI.
567 578 735 619 anno
783 557 984 620 tercio
1029 555 1420 636 infrascripti
1468 555 1790 619 iurarunt:

174 663 564 728 Bertolinus
600 663 678 728 (16
705 662 1052 727 Placencia
1081 662 1337 726 iuravit.

172 768 519 834 Iohannes
566 769 646 834 (16
693 770 1040 834 Placencia
1084 769 1336 832 iuravit.

171 876 516 941 Henricus
550 876 628 940 de
648 876 1055 942 Monteleone
1085 877 1337 940 iuravit.

171 982 518 1049 Iohannes
562 983 956 1048 Kruczwilre
1001 984 1256 1047 iuravit.

174 1091 529 1156 Conradus
540 1090 619 1155 de
630 1089 1147 1155 Frankenfordia
1164 1091 1416 1154 iuravit.

173 1198 428 1262 Petrus
474 1196 813 1262 Dankardi
859 1197 1113 1262 iuravit.

171 1305 608 1370 Hermannus
656 1304 926 1368 Arwilre
973 1304 1226 1367 iuravit.

172 1412 499 1477 Nicolaus
546 1410 932 1494 Flechtingh
977 1412 1229 1475 iuravit.

173 1520 415 1584 Bellus
465 1518 545 1583 (16
592 1517 892 1600 Anagnia
938 1519 1193 1582 iuravit.

174 1626 541 1691 Bertoldus
589 1625 668 1690 de
713 1625 990 1690 Isenake
1035 1626 1291 1689 iuravit.

175 1732 587 1799 Cristoforus
645 1732 724 1796 de
771 1731 1117 1796 Placencia
1161 1733 1415 1795 iuravit.

175 1838 584 1904 Franciscus
631 1838 853 1905 Welcz
901 1840 1156 1903 iuravit.

176 1944 519 2010 Iohannes
568 1945 647 2010 de
685 1945 1024 2029 Bredeney
1070 1946 1325 2009 iuravit.

174 2052 498 2117 Nicolaus
545 2053 812 2117 Martini
856 2054 1110 2117 iuravit.

174 2158 512 2224 Ricardus
558 2158 1104 2243 Wynchtromulr.

176 2266 521 2331 Avezutus
570 2266 648 2331 de
694 2266 922 2331 Padua
967 2267 1217 2329 iuravit.

176 2372 434 2438 Paulus
481 2373 563 2437 de
609 2372 881 2437 Ancona
924 2373 1175 2436 iuravit.

176 2479 382 2562 Hugo
431 2478 629 2544 Prees
675 2481 928 2544 iuravit.

178 2584 516 2651 Iohannes
565 2586 644 2652 de
693 2586 1006 2653 Gratzkow
1050 2587 1304 2652 iuravit.

177 2691 514 2758 Iohannes
563 2693 642 2758 de
688 2693 905 2758 Berka
950 2695 1202 2758 iuravit.

181 2799 512 2884 Georgius
560 2800 639 2865 de
684 2800 965 2884 Legnicz
1013 2801 1264 2865 iuravit.

176 2906 468 2974 Iacobus
512 2907 763 2992 Repest
805 2909 1059 2974 iuravit.

178 3015 513 3079 Antonius
563 3015 641 3081 (16
686 3015 928 3080 Parma
971 3015 1223 3079 iuravit.

178 3120 510 3186 Ricardus
555 3121 927 3205 Draytanus
973 3122 1226 3186 iuravit.

180 3228 513 3295 Iohannes
547 3228 626 3293 de
657 3228 1032 3313 Reynichen
1060 3229 1315 3292 iuravit.

180 3335 457 3420 Doynus
507 3335 585 3400 de
631 3335 853 3401 Remis
902 3336 1155 3400 iuravit.

180 3441 512 3505 Antonius
562 3441 641 3506 (16
674 3441 1051 3526 Sysmundis
1094 3442 1172 3506 de
1204 3441 1412 3506 Ponte

276 3549 532 3613 iuravit.

164 3640 425 3720 'Petrus
472 3655 552 3720 de
597 3655 808 3721 Bosco
858 3658 1095 3721 iuravit
1141 3654 1414 3720 offitium

280 3762 613 3845 scriptoris
662 3764 765 3828 die
811 3761 969 3827 XII.
1002 3763 1243 3828 mensis
1293 3761 1414 3828 Oc-

278 3869 504 3933 tobris.

186 3977 516 4041 Robertus
546 3975 803 4068 Wetter
847 3984 1144 4059 receptus
1190 3976 1313 4040 fuit
1346 3977 1414 4040 in

279 4081 794 4148 abbreviatorem
813 4091 878 4149 et
893 4084 1130 4148 iuravit
1140 4081 1414 4151 offitium

280 4190 383 4257 die
427 4188 512 4253 X.
561 4190 714 4274 Maij
758 4213 926 4256 anno
972 4211 1161 4254 non0.

190 4296 592 4361 Ricchardus
605 4296 683 4361 de
694 4296 973 4362 Holmen
983 4302 1280 4379 receptus
1292 4295 1415 4360 fuit

277 4404 346 4467 111
438 4402 951 4469 abbreviatorem
1034 4410 1099 4468 et
1176 4403 1413 4466 iuravit

276 4508 554 4575 offitium
585 4510 689 4577 die
719 4509 870 4576 VII.
910 4509 1193 4593 Augusti
1239 4509 1409 4574 dicto

279 4638 468 4681 anno.

1527 660 1851 728 Iohannes
1896 662 2272 745 FraunceiS,
2331 665 2607 746 scriptor
2650 664 2752 728 lit-

1617 775 1903 834 terarum
1915 770 2434 853 apostolicarum,
2455 775 2752 853 receptus

1616 876 1741 941 fuit
1770 878 1838 941 in
1870 877 2386 943 abbreviatorem
2418 883 2484 942 et
2517 878 2759 961 iuravitv

1618 984 1893 1049 offitium
1939 984 2143 1051 V[[[⁰
2190 985 2293 1050 die
2340 985 2579 1051 mensis
2630 983 2751 1050 Oc-

1616 1092 1822 1156 tobris
1872 1093 2043 1156 dicto
2092 1114 2281 1157 anno.

1528 1198 1719 1262 Anno
1783 1197 2403 1264 MoooooLXXXV.
2462 1197 2566 1262 die
2628 1196 2749 1262 XI.

1616 1304 1955 1388 Februarij
2004 1306 2242 1369 iuravit
2286 1305 2581 1370 dominus
2623 1304 2749 1368 'I'u-

1618 1412 1821 1475 ribius
1901 1412 2144 1476 electus
2210 1411 2530 1476 Tudensis
2612 1410 2749 1477 offi-

1617 1520 1784 1582 cium
1866 1519 2360 1583 locumtenentis
2439 1519 2749 1585 auditoris

1616 1626 1941 1690 audientis
1989 1626 2552 1690 contradictarum.

1526 1730 1848 1796 Henricus
1886 1731 2148 1797 Wrisak
2194 1734 2431 1797 iuravit
2478 1731 2751 1797 offitium

1615 1840 2051 1920 procuratoris
2118 1838 2443 1903 audientie
2498 1846 2750 1904 contra-

1614 1943 2746 2030 dictarumdieHI.mensisIanuarij.

1524 2050 1909 2116 Wilhelmus
1941 2052 2294 2117 Zuermont
2328 2054 2567 2117 iuravit
2610 2052 2748 2117 offi-

1612 2159 1776 2222 tium
1823 2160 2152 2240 scriptoris
2202 2159 2304 2224 (116
2335 2158 2477 2224 111⁸
2507 2162 2747 2225 mensis

1612 2265 1854 2348 Martij.

1523 2371 1846 2437 Iohannes
1881 2372 1959 2438 de
1981 2373 2321 2457 Angladijs
2353 2374 2591 2438 iuravit
2610 2373 2747 2438 offi-

1611 2481 1774 2543 tium
1802 2481 2132 2562 scriptoris
2156 2479 2492 2545 XXVIII*
2510 2481 2748 2545 mensis

1610 2584 1921 2669 Ianuarij.

1521 2691 1800 2757 Iacobus
1822 2692 1900 2757 de
1920 2692 2175 2757 Torano
2206 2694 2445 2759 iuravit
2475 2693 2748 2758 offitium

1613 2798 2082 2866 abbreviatoris
2162 2799 2264 2864 die
2338 2800 2431 2865 X⁸
2507 2803 2746 2866 mensis

1612 2908 1853 2992 Martij.

1521 3013 1845 3080 Iohannes
1920 3014 2063 3080 Wit
2136 3014 2216 3078 de
2289 3014 2448 3079 Delf
2513 3016 2749 3079 iuravit

1613 3121 1887 3186 offitium
1954 3122 2284 3204 scriptoris
2351 3122 2454 3186 die
2509 3120 2747 3185 XXII⁸

1613 3230 1853 3293 mensis
1917 3228 2160 3312 Martij.
2263 3227 2352 3291 Et
2414 3228 2748 3292 mandavit

1612 3336 1908 3400 dominus
1940 3341 2180 3417 noster,
2215 3334 2388 3416 quod
2418 3335 2557 3416 ipse
2590 3335 2743 3397 scri-

1611 3441 1796 3505 beret
1838 3440 1979 3504 loco
2025 3440 2306 3523 Walasi‚
2359 3441 2560 3505 donec
2605 3443 2743 3523 ipse

1610 3548 1870 3612 rediret.

1521 3653 1744 3719 Bellus
1794 3654 1872 3718 (16
1919 3652 2145 3718 Insula
2188 3654 2425 3718 iuravit
2470 3653 2742 3718 offitium

1612 3760 2082 3826 abbreviatoris
2184 3761 2287 3825 die
2387 3760 2742 3844 penultimo

1609 3869 1849 3932 mensis
1896 3867 2190 3951 predicti.

1522 3973 1854 4040 Gerardus
1900 3973 2128 4039 Weert
2178 3974 2418 4038 iuravit
2470 3971 2744 4038 offitium

1611 4082 1945 4165 scriptoris
1981 4081 2082 4145 die
2114 4080 2256 4145 ΠΙ*
2286 4081 2525 4146 mensis
2561 4080 2739 4163 Maij.

1519 4188 1937 4254 Reverendus
1984 4190 2051 4252 in
2097 4186 2353 4252 Christo
2399 4192 2587 4269 pater
2633 4186 2741 4250 do-

1608 4297 1820 4360 minus
1938 4294 2141 4358 frater
2245 4292 2741 4359 Bartholomeus

1609 4401 2129 4485 archiepiscopus
2150 4399 2475 4465 Cretensis
2506 4401 2744 4464 iuravit

1608 4507 1882 4573 offitium
1937 4507 2264 4572 audientie
2311 4505 2740 4571 contradicta-

1604 4637 1750 4680 rum
1805 4615 1908 4680 die
1962 4612 2214 4679 XVIII.
2264 4614 2503 4678 mensis
2561 4613 2737 4696 Maij.
