3242 5184
1269 298 1576 404 —313
1668 337 1758 343 —.

411 475 727 540 Dominus
757 473 1079 538 Henricus
1100 472 1471 555 Godebarn,
1505 473 1731 539 doctor
1763 475 2098 558 utriusque
2127 476 2308 557 111118,
2340 475 2464 540 fuit
2492 482 2792 561 receptus

224 585 294 647 in
346 581 708 648 auditorem
756 587 823 646 et
866 581 1103 645 iuravit
1148 580 1431 645 officium
1480 581 1707 647 eadem
1754 580 1878 645 die.

408 689 727 766 Dominus
773 687 1080 753 Nicolaus
1127 688 1207 753 de
1245 684 1558 770 Vivianis,
1607 688 2031 753 decretorum,
2058 687 2302 771 doctor,
2341 689 2464 754 fuit
2494 696 2793 775 receptus

225 800 294 862 10
345 796 710 862 auditorem
757 800 824 861 et
866 795 1106 860 iuravit
1151 795 1254 860 die
1300 793 1417 859 VI.
1465 793 1789 860 Octobris,

411 902 826 970 Continuavit
856 903 1100 967 curiam
1131 901 1496 967 Romanam
1541 924 1747 985 usque
1796 903 1878 967 ad
1926 925 2166 968 annum
2212 903 2690 970 MGOGGXVII
2728 911 2797 971 et

226 1011 448 1076 adhucv
494 1010 829 1075 continuat
877 1030 1072 1093 super
1117 1008 1388 1075 diversis
1436 1008 1669 1094 officijs
1718 1016 1786 1076 et
1828 1032 1999 1075 nunc
2049 1017 2150 1076 est
2198 1013 2538 1096 episcopus
2571 1012 2793 1095 Spole·

226 1125 449 1183 10008.
470 1117 492 1156 ¹

409 1225 728 1296 Dominus
791 1223 1109 1308 Rogerius
1174 1222 1442 1307 Nicolay
1507 1223 1588 1289 de
1646 1222 2027 1306 Antigualla
2075 1223 2154 1290 de
2208 1224 2512 1308 Perusio,
2577 1225 2793 1310 legum

227 1334 479 1414 doctor,
526 1332 650 1397 fuit
683 1337 983 1414 receptus
1013 1331 1080 1394 in
1128 1330 1511 1396 advocatum
1556 1329 2071 1396 consistorialem
2119 1336 2186 1397 et
2228 1332 2466 1397 iuravit
2510 1332 2794 1399 officium

229 1440 413 1506 Luce
459 1438 745 1504 XXVII.
793 1438 1034 1504 mensis
1080 1437 1365 1521 Ianuarij
1419 1459 1587 1503 anno
1634 1460 1825 1503 0000.

415 1547 732 1612 Dominus
779 1545 994 1611 Minus
1041 1544 1312 1629 Nicolay
1357 1544 1436 1609 de
1482 1543 1843 1628 Vincentijs
1892 1545 1972 1610 de
2018 1543 2226 1628 Senis,
2273 1546 2490 1629 legum
2549 1546 2793 1630 doctor,

228 1656 356 1720 11111,
401 1660 700 1738 receptus
746 1654 814 1717 in
861 1653 1245 1718 advocatum
1292 1651 1806 1717 consistorialem
1836 1650 2014 1717 Luce
2062 1651 2167 1718 die
2213 1658 2399 1719 sexta
2428 1652 2792 1739 Februarij.

412 1761 730 1827 Dominus
776 1759 1140 1825 Lodovicus
1198 1759 1440 1823 domini
1495 1758 1809 1841 Anthonij
1870 1758 1950 1823 de
1996 1757 2470 1825 Castrobarcho
2526 1759 2650 1826 fuit
2694 1783 2793 1827 re-

230 1875 460 1954 ceptus
505 1869 574 1933 in
620 1868 944 1932 notarium
991 1866 1236 1931 domini
1279 1866 1485 1931 nostri
1531 1886 1700 1949 pape
1745 1865 2052 1949 Bonifatij
2088 1864 2310 1932 VIIH.
2344 1865 2640 1933 XXIIH.
2690 1867 2795 1933 die

228 1976 474 2041 mensis
521 1974 767 2058 Aprilis
812 1973 1227 2058 pontificatus
1275 1974 1375 2037 sui
1421 1994 1589 2038 anno
1635 1974 1850 2038 tertio.
1913 1992 1918 1997 ·

410 2082 728 2147 Dominus
758 2080 1255 2146 Bartholomeus
1303 2079 1382 2145 de
1414 2079 1789 2164 Maynardis
1836 2080 1916 2146 de
1947 2079 2240 2163 Perusio,
2285 2081 2501 2163 legum
2549 2081 2793 2163 doctor,

227 2191 470 2256 iuravit
531 2187 815 2254 officium
870 2188 1167 2254 advocati
1221 2187 1688 2253 consistorialis
1742 2186 1950 2252 Rome
1995 2186 2079 2252 X.
2129 2187 2279 2252 Kal.
2327 2186 2553 2271 Marcij
2623 2209 2793 2253 anno

227 2299 486 2381 quint0,
544 2297 802 2380 proviso
849 2294 929 2361 de
975 2294 1282 2359 mandato
1330 2294 1574 2359 domini
1627 2316 1823 2380 pape,
1872 2294 2047 2377 quod
2094 2295 2482 2361 examinatio
2531 2299 2599 2360 et
2642 2294 2791 2374 alia,

227 2427 356 2488 que
378 2403 618 2468 debent
647 2402 1014 2486 precedere,
1034 2403 1467 2467 iuramentum
1499 2400 2001 2485 subsequantur,
2035 2423 2181 2467 cum
2211 2401 2411 2467 nichil
2440 2406 2658 2466 actum
2687 2402 2790 2467 sit.

408 2511 532 2576 Die
578 2509 805 2575 XIIII.
840 2509 995 2593 Maij
1047 2507 1461 2592 pontificatus
1510 2508 1753 2572 domini
1784 2507 2091 2592 Bonifatij
2142 2530 2310 2592 pape
2354 2506 2578 2574 VIIII.
2622 2530 2792 2574 anno

226 2619 572 2684 undecimo
627 2616 751 2682 fuit
812 2623 1111 2700 receptus
1173 2617 1242 2680 in
1306 2616 1667 2682 auditorem
1730 2616 1955 2701 palatij
2018 2617 2317 2703 dominus
2362 2615 2791 2698 Iheronimus‚

226 2725 639 2791 decretorum
686 2724 930 2805 doctor,
979 2730 1047 2789 et
1089 2724 1328 2788 iuravit
1370 2723 1438 2787 in
1483 2722 1783 2788 manibus
1830 2725 2011 2790 01018.
2104 2724 2181 2789 Β.
2229 2724 2587 2790 Francisci.
2803 2798 2806 2799 ⁷

407 2829 533 2896 Die
576 2830 827 2896 XXVI.
878 2829 1179 2896 Octobris
1227 2832 1554 2914 predictus
1602 2831 1897 2896 dominus
1945 2837 2167 2898 noster
2210 2831 2570 2912 mandavit,
2620 2830 2793 2913 quod

226 2939 628 3022 reciperetur
657 2939 726 3002 in
757 2938 1143 3003 advocatum
1175 2937 1690 3004 consistorialem
1723 2937 2019 3004 dominus
2039 2938 2388 3004 Ardicinus
2405 2938 2485 3003 de
2503 2936 2794 3021 Laporta

226 3046 307 3112 de
356 3044 666 3126 Novaria,
721 3045 938 3129 legum
985 3045 1240 3126 doctor,
1289 3050 1356 3110 et
1400 3044 1878 3111 describeretur
1920 3047 1991 3110 in
2034 3044 2232 3127 libro,
2280 3066 2410 3110 non
2468 3043 2791 3127 obstante,

226 3152 404 3236 quod
451 3157 626 3218 esset
670 3151 905 3217 absens
953 3175 994 3217 a
1039 3153 1237 3217 curia.
1895 3225 1900 3231 ,

407 3258 533 3324 Die
578 3258 736 3324 XII.
786 3260 1026 3325 mensis
1071 3258 1454 3325 Decembris
1509 3258 1926 3342 pontificatus
1982 3259 2225 3324 domini
2279 3258 2485 3324 nostri
2550 3259 2792 3324 domini

227 3365 539 3450 Bonifatij
590 3386 759 3449 pape
789 3364 1013 3431 VIIII.
1061 3366 1141 3432 de
1178 3366 1487 3431 mandato
1531 3367 1738 3450 ipsius
1784 3366 2027 3432 domini
2071 3367 2278 3431 nostri
2323 3364 2447 3430 fuit
2488 3370 2790 3449 receptus

227 3475 296 3538 10
357 3473 742 3537 advocatum
800 3473 1315 3539 consistorialem
1378 3473 1675 3537 dominus
1733 3472 2023 3557 Angelus
2093 3472 2174 3539 de
2220 3471 2499 3539 Vallatis
2566 3472 2654 3560 [P]
2711 3473 2791 3539 de

227 3580 430 3662 Urbe,
476 3580 692 3662 legum
740 3580 982 3663 doctor,
1031 3586 1099 3646 et
1141 3581 1380 3646 iuravit
1423 3581 1491 3644 in
1537 3579 1837 3646 manibus
1883 3581 2065 3645 10018.
2158 3579 2234 3645 Β.
2283 3578 2638 3646 Francisci.

408 3686 534 3753 Die
586 3685 943 3753 XXVIIII.
992 3688 1234 3753 mensis
1288 3686 1670 3754 Decembris
1723 3686 1848 3752 fuit
1909 3692 2209 3771 receptus
2272 3686 2340 3752 in
2405 3687 2793 3753 advocatum

230 3793 743 3860 consistorialem
798 3794 877 3860 de
932 3795 1239 3869 mandato
1294 3795 1538 3860 domini
1590 3795 1796 3860 nostri
1842 3792 2149 3878 Bonifatij
2209 3814 2376 3879 pape
2422 3795 2577 3859 noni
2622 3815 2791 3860 anno

231 3900 407 3967 ΧΠο
469 3900 883 3986 pontificatus
952 3903 1053 3968 sui
1124 3902 1420 3968 dominus
1483 3900 1810 3969 Iohannes
1867 3900 2235 3968 Ludovicus
2300 3901 2380 3968 de
2438 3899 2696 3967 Padua·
2728 3907 2795 3968 et

231 4008 468 4074 iuravit
511 4010 579 4073 in
625 4008 925 4075 manibus
972 4009 1154 4075 meis.
1247 4009 1324 4074 B.
1372 4008 1729 4075 Francisci.
1894 4083 1898 4088 ⁸

410 4115 535 4182 Die
588 4115 746 4181 XII.
793 4115 1080 4201 Ianuarij
1149 4115 1273 4181 fuit
1332 4123 1634 4202 receptus
1698 4118 1766 4182 in
1830 4117 2214 4183 advocatum
2278 4114 2791 4182 consistorialem

232 4224 544 4307 magister
587 4222 885 4289 Andreas
932 4224 1012 4289 de
1058 4204 1384 4303 AIderico‚
1429 4224 1647 4307 legum
1693 4224 1937 4306 doctor,
1986 4229 2054 4290 et
2095 4224 2334 4289 iuravit
2376 4223 2445 4287 in
2489 4222 2790 4289 manibus

233 4331 393 4398 meis
458 4352 628 4397 anno
691 4330 1107 4415 pontificatus
1172 4331 1415 4396 domini
1478 4331 1787 4415 Bonifatij
1868 4353 2035 4416 pape
2099 4328 2322 4396 VIIII.
2389 4330 2786 4397 duodecimo.

233 4437 309 4504 B.
358 4437 718 4504 Francisci.

415 4671 433 4702 ¹
472 4669 663 4727 Ganze
698 4671 847 4727 Zeile
882 4677 1068 4742 spater
1104 4670 1528 4742 nachgetragen.
