3242 5184
1220 320 1309 327 —
1406 282 1527 344 137
1621 318 1712 332 —-

458 457 572 522 Ad
618 458 836 524 idem.
1271 419 1277 426 ι

366 600 538 666 Item
595 601 984 666 tenebantur
1038 602 1382 685 scriptores
1438 622 1606 685 pape
1662 601 2072 666 examinandi
2128 624 2244 686 per
2288 601 2746 668 vicecancella-

200 708 356 772 rium
403 709 770 792 presentari
815 708 1108 805 notarijs,
1157 708 1416 791 quando
1464 707 1545 773 de
1589 730 1754 774 novo
1801 707 2064 773 fiebant.

458 904 574 969 Ad
619 905 833 969 idem.

366 1047 538 1112 Item
604 1047 862 1130 quando
929 1049 1205 1132 scriptor
1269 1047 1506 1129 aliquis
1569 1047 1968 1129 negligenter
2033 1047 2132 1112 vel
2186 1048 2633 1114 inobedienter
2679 1072 2748 1115 se

197 1152 461 1237 gerebat
506 1156 574 1218 in
621 1154 824 1220 offitio
871 1177 1009 1236 suo,
1058 1155 1190 1219 sive
1237 1175 1392 1236 erga
1436 1153 2035 1219 vicecancellarium
2083 1155 2216 1220 sive
2257 1177 2411 1238 erga
2441 1157 2749 1239 notarioS,

198 1260 714 1345 suspendebatur
788 1262 872 1326 ab
948 1260 1151 1327 offitio
1228 1261 1392 1325 citra
1448 1261 1993 1353 ‘ammonitionem
2070 1261 2337 1327 totalem
2413 1261 2513 1325 vel
2583 1261 2748 1327 alias

195 1369 585 1453 puniebatur
638 1367 722 1433 ad
777 1366 1133 1451 simplicem
1191 1366 1752 1433 denuntiacionem
1807 1368 2041 1451 notarij
2100 1390 2218 1451 pro
2265 1367 2536 1434 arbitrio
2584 1369 2750 1434 vice-

196 1474 560 1559 cancellarij
571 1526 585 1541 .

459 1672 573 1738 Ad
619 1672 833 1737 idem.

370 1816 539 1881 Item
593 1814 981 1879 tenebantur
1027 1821 1091 1879 et
1135 1820 1438 1879 tenentur
1492 1815 1841 1898 scriptores
1897 1815 2178 1879 scribere
2240 1815 2443 1897 gratis
2498 1815 2751 1879 litteras

194 1946 307 2006 pro
340 1922 635 2006 personis
668 1921 1084 2002 notariorum,
1116 1921 1391 1985 fratrum
1439 1928 1504 1985 et
1548 1927 1855 2005 nepotum
1887 1919 2169 2002 suorum,
2220 1927 2285 1985 et
2313 1943 2430 2005 pro
2461 1927 2750 2003 regestro

194 2030 276 2095 ab
323 2029 570 2093 eisdem
616 2028 812 2092 nichil
860 2027 1001 2092 dari
1049 2029 1401 2093 consuevit.
1495 2027 1662 2093 Item
1717 2034 2020 2093 tenentur
2070 2028 2324 2092 litteras
2373 2028 2578 2093 factas
2626 2028 2749 2092 sibi

192 2136 608 2202 recribendas
647 2135 850 2218 gratis
885 2135 1017 2198 sive
1051 2155 1165 2217 per
1211 2156 1440 2199 manus
1488 2135 1718 2218 notarij
1780 2156 1893 2199 seu
1950 2135 2475 2199 abbreviatorum
2521 2136 2750 2199 rescri-

191 2244 347 2308 bere
379 2245 518 2307 sine
551 2243 772 2324 aliqua
819 2240 1147 2322 dilatione,
1195 2232 1609 2325 preponendo
1659 2262 1767 2306 eas
1817 2242 2111 2308 omnibus
2160 2241 2327 2325 alijs,
2377 2242 2502 2305 nisi
2535 2249 2751 2307 essent

191 2351 452 2433 negotia
499 2350 694 2430 curie,
743 2369 938 2432 super
982 2347 1104 2413 hoc
1151 2348 1468 2414 credendo
1516 2348 1896 2432 simpliciter
1942 2348 2183 2431 scripto
2224 2369 2338 2412 seu
2369 2348 2751 2413 correctioni

189 2457 425 2541 notarij
477 2457 576 2521 vel
623 2455 1112 2521 abbreviatoris,

458 2653 569 2718 Ad
618 2652 832 2716 idem.

367 2796 536 2861 Item
593 2797 789 2860 etiam
846 2794 1212 2860 huiusmodi
1269 2794 1485 2859 littere
1541 2795 1951 2860 rescribendo
1998 2802 2468 2861 consueverunt
2511 2794 2752 2860 bullari
2803 2813 2922 2868 Fol,
2948 2816 3009 2866 71
3030 2819 3068 2866 ι,

184 2906 416 2989 gratis.

457 3100 572 3165 Ad
617 3099 834 3164 idem.

367 3243 537 3310 Item
582 3244 649 3308 in
697 3242 950 3326 signum
1003 3241 1488 3325 iurisdictioniS,
1544 3263 1741 3326 quam
1769 3236 1770 3239 '
1794 3240 2040 3308 habent
2082 3242 2650 3307 vicecancellarius
2688 3249 2755 3308 et

185 3351 425 3435 notarij
483 3352 550 3415 in
607 3350 976 3433 scriptoreS,
1033 3351 1366 3415 consuevit
1416 3349 1981 3414 vicecancellarius
2035 3348 2245 3433 primo
2291 3371 2409 3432 pro
2446 3350 2585 3413 vice
2633 3371 2753 3414 sua

187 3466 257 3525 et
300 3463 533 3542 postea
578 3456 853 3540 quilibet
905 3458 1195 3520 notarius
1246 3457 1606 3521 successive
1653 3478 1769 3540 per
1827 3477 1896 3521 se
1952 3477 2151 3520 unum
2200 3454 2279 3520 de
2327 3455 2751 3540 scriptoribus

187 3566 404 3632 facere
438 3564 923 3629 distributorem
955 3570 1253 3629 notarum
1285 3562 1791 3646 grossandarum
1822 3562 2211 3646 generalem,
2261 3563 2442 3627 cuius
2476 3563 2752 3628 offitium

187 3673 387 3738 durat
429 3692 545 3755 per
573 3670 671 3735 VI
713 3691 988 3751 menseS,
1036 3677 1102 3735 et
1131 3672 1244 3753 qui
1273 3669 1473 3736 habet
1503 3675 1731 3735 taxare
1777 3669 2145 3753 grossatas¹
2184 3669 2538 3734 secundum
2570 3675 2752 3734 taxa-

187 3781 432 3846 tionem
490 3779 826 3859 antiquam
881 3776 982 3841 vel
1038 3777 1553 3843 consideratione
1608 3777 1814 3864 ipsius
1868 3776 2122 3857 habita,
2181 3777 2237 3841 si
2282 3777 2501 3844 littera
2547 3777 2754 3845 maior

186 3886 290 3953 vel
337 3886 548 3951 minor
594 3889 911 3951 occurrat.

458 4100 572 4166 Ad
619 4100 833 4165 idem.

370 4244 538 4310 Item
575 4244 1144 4309 vicecancellarius
1176 4266 1292 4329 per
1324 4266 1393 4309 se
1424 4244 1639 4328 ipsum
1670 4244 1829 4309 facit
1858 4250 2113 4309 tantum
2144 4242 2749 4309 rescribendarium.

190 4350 542 4418 Consuevit
586 4355 802 4416 autem
857 4349 1099 4416 habere
1160 4351 1550 4416 cancellaria
1602 4352 1671 4415 in
1725 4350 2287 4435 procurationibus
2336 4356 2402 4414 et
2447 4351 2750 4434 ensenijs,

191 4463 508 4543 quantum
571 4456 818 4523 habent
881 4456 1008 4524 duo
1074 4457 1457 4541 cardinales,
1525 4463 1592 4523 et
1656 4458 1735 4526 de
1796 4458 2271 4545 provisionibus
2328 4457 2749 4547 prelatorum,

372 4656 392 4692 ¹
429 4654 664 4713 Hdschr.
701 4661 993 4731 grossatos.
