3242 5184
1294 260 1784 324 -115—

253 438 689 499 crementum.
781 435 952 498 Hinc
999 441 1099 498 est
1144 434 1317 517 quod
1363 458 1481 502 nos
1529 437 1759 502 vestris
1810 435 2390 520 supplicationibus
2438 441 2818 518 annuenteS,

255 546 333 605 ut
381 548 476 624 tu,
543 540 748 606 frater
793 543 1092 626 episcope
1147 564 1225 607 ac
1279 545 1607 626 magister,
1676 544 1901 626 tuique
1956 564 2361 609 successores
2425 544 2660 610 fratres
2725 546 2821 610 tui

257 648 531 730 ordinis,
581 649 694 730 qui
741 648 824 713 ad
868 649 1334 733 predicandum
1381 672 1639 716 crucem
1683 652 1785 715 vel
1829 651 2285 733 inquirendum
2339 657 2564 716 contra
2609 653 2820 735 pravi-

257 760 470 820 tatem
523 755 880 821 hereticam
936 761 1087 821 sunt
1131 757 1232 821 vel
1278 757 1541 822 fuerunt
1584 758 1975 840 ubicumque
2032 779 2073 822 a
2116 757 2268 822 sede
2310 757 2668 841 apostolica
2713 759 2821 823 de-

257 863 516 946 putati,
583 883 910 928 removere
967 884 1080 927 seu
1135 885 1438 930 revocare
1510 865 1789 948 penituS,
1857 864 2208 930 transferre
2272 865 2581 948 ipsisque,
2648 864 2822 948 quod

259 969 755 1052 supersedeant,
802 970 1135 1052 iniungere
1166 971 1459 1053 aliosque
1505 972 1920 1054 substituere,
1969 993 2116 1037 cum
2162 971 2464 1056 expedire
2509 972 2820 1055 videritiS,

256 1077 440 1141 licite
507 1097 583 1140 ac
647 1076 849 1141 libere
914 1077 1186 1142 valeatis
1254 1084 1320 1142 et
1380 1079 1448 1142 in
1513 1100 1661 1161 eoS,
1729 1080 1785 1143 si
1851 1081 2380 1144 contravenerint
2401 1128 2417 1161 ,
2484 1100 2822 1144 censuram

261 1184 775 1247 ecclesiasticam
821 1204 1120 1249 exercere
1168 1205 1245 1248 ac
1291 1185 1566 1266 quilibet
1611 1187 1790 1269 prior
1819 1185 2223 1269 provintialis
2257 1169 2544 1250 eiusdem
2576 1185 2820 1250 ordinis

258 1283 329 1353 id
378 1292 594 1373 ipsum
640 1291 707 1353 in
755 1312 874 1355 sua
920 1292 1244 1374 provintia
1291 1292 1464 1356 circa
1509 1292 1746 1357 fratres
1792 1293 1996 1376 ipsius
2044 1292 2309 1375 ordinis,
2359 1292 2595 1376 quibus
2642 1293 2824 1356 nulla

259 1398 506 1461 similia
553 1398 868 1480 contingit
914 1396 996 1461 ab
1046 1396 1270 1461 eadem
1320 1396 1472 1462 sede
1519 1400 1856 1481 committi,
1904 1399 2119 1464 facere
2156 1400 2401 1485 possit„
2432 1401 2821 1464 auctoritate

254 1505 664 1587 presentium
710 1503 1136 1587 indulgemus,
1229 1503 1406 1569 Nulli
1455 1526 1607 1588 ergo
1657 1513 1779 1571 etc.
1828 1512 2049 1571 nostre
2097 1496 2528 1572 concessionis
2578 1513 2699 1571 etc.

536 1772 915 1854 Magistro
971 1777 1047 1837 et
1099 1772 1494 1856 prioribus
1551 1794 1637 1838 ac
1683 1773 2066 1843 fratribus
2123 1775 2425 1839 ordinis
2471 1774 2820 1859 predica-

621 1884 888 1945 torum.

444 2038 648 2104 Vobis
681 2039 941 2104 assidue
978 2061 1247 2122 regnum
1280 2040 1386 2105 dei
1417 2040 1839 2123 querentibus
1871 2041 1939 2105 id
1970 2063 2010 2106 a
2042 2041 2193 2106 sede
2226 2043 2582 2126 apostolica
2628 2041 2821 2124 digne

258 2146 662 2229 conceditur,
718 2168 834 2230 per
888 2146 1061 2230 quod
1116 2147 1453 2230 spirituale
1517 2147 1827 2231 gaudium
1891 2151 2122 2213 vestris
2187 2148 2489 2214 cordibus
2554 2150 2819 2213 oriatur.

256 2254 400 2318 Nos
447 2254 669 2337 itaque
701 2260 912 2319 vestre
958 2253 1257 2338 precibus
1304 2254 1664 2321 devotionis
1711 2255 1958 2320 inducti
2003 2257 2401 2340 presentium
2442 2256 2623 2321 vobis
2670 2277 2859 2320 auc--

258 2362 535 2426 toritate
576 2361 1005 2443 concedimuS,
1053 2367 1146 2443 ut,
1195 2382 1340 2425 cum
1372 2362 1455 2426 ad
1485 2363 1632 2428 loca
1661 2364 2083 2446 perveneritis
2115 2363 2553 2428 ecclesiastico
2586 2379 2820 2447 suppo-

260 2470 396 2531 sita
441 2467 805 2550 interdictO,
870 2468 1088 2533 divina
1146 2469 1213 2531 in
1269 2469 1579 2554 ecclesijs,
1636 2471 1705 2534 in
1758 2470 1995 2552 quibus
2048 2469 2165 2534 illa
2218 2491 2297 2534 ex
2350 2470 2602 2536 indulto
2650 2469 2822 2535 sedis

261 2575 624 2658 apostolice
679 2575 1121 2657 celebrantur,
1179 2578 1751 2641 excommunicatis
1809 2583 1874 2641 et
1927 2577 2290 2641 interdictis
2346 2578 2645 2660 exclusiS,
2692 2599 2822 2641 non

260 2683 544 2766 pulsatis
600 2683 961 2765 campaniS,
1019 2681 1258 2746 clausis
1312 2684 1524 2747 ianuis
1580 2690 1647 2747 et
1704 2705 1857 2749 voce
1905 2705 2255 2768 suppressa
2302 2683 2630 2749 celebrare
2676 2706 2821 2768 pos-

262 2791 443 2871 sitis,
506 2790 635 2853 nisi
698 2790 1032 2872 contingat
1084 2790 1149 2853 id
1198 2790 1379 2854 vobis
1435 2792 1803 2873 specialiter
1856 2791 2174 2856 interdici.
2278 2788 2453 2856 Nulli
2499 2813 2650 2874 ergo
2698 2797 2819 2856 etc.

260 2898 723 2961 concessionis,

535 3110 907 3175 Eisdeml.

445 3252 683 3318 Vestra
714 3273 968 3336 semper
997 3253 1065 3315 in
1111 3273 1331 3317 amore
1361 3254 1671 3318 virtutum
1704 3252 2066 3317 delectatur
2109 3254 2440 3318 humilitas
2488 3259 2554 3317 et
2593 3258 2827 3317 cuncta

260 3359 520 3425 solicite
566 3359 824 3442 refugit,
883 3381 1008 3441 que
1068 3358 1192 3423 sibi
1247 3359 1510 3441 aliquod
1566 3360 1738 3423 fame
1793 3360 1895 3424 vel
1951 3362 2341 3425 conscientie
2386 3359 2653 3424 illatura
2698 3360 2825 3423 dis-

259 3467 574 3551 pendium
620 3468 1038 3550 pertimescit.
1133 3465 1234 3530 Ob
1280 3466 1403 3531 hoc
1450 3468 1644 3548 enim,
1692 3468 1861 3532 sicut
1906 3469 2296 3551 accepimUS,
2347 3467 2521 3550 quod
2568 3488 2608 3531 a
2647 3467 2825 3531 nullo

258 3580 553 3639 vestrum
602 3574 873 3638 alicuius
921 3573 1220 3658 specialis
1266 3575 1393 3638 loci
1440 3575 1540 3638 vel
1583 3595 1858 3657 persone
1889 3580 2187 3657 pretextu
2229 3574 2495 3639 verbum
2528 3573 2826 3640 exhorta-

258 3682 462 3747 tionis
515 3680 593 3745 de
627 3680 988 3763 colligenda
1025 3682 1301 3764 pecunia
1332 3688 1754 3764 proponatur,
1803 3683 1870 3744 in
1902 3681 2126 3745 ordine
2166 3688 2380 3746 vestro
2411 3680 2828 3746 laudabiliter

260 3788 610 3869 statuistiS,
658 3789 763 3872 pie
810 3789 1168 3869 cogitantes
1225 3793 1292 3852 et
1344 3786 1637 3871 provide,
1695 3788 1897 3870 quod,
1947 3787 2100 3852 dum
2147 3787 2527 3872 simpliciter
2571 3789 2656 3852 ab
2701 3788 2827 3870 hijs

258 3898 584 3959 immunes
630 3895 863 3976 vivitis,
922 3895 1003 3958 ad
1059 3901 1342 3959 vestram
1404 3900 1471 3959 et
1521 3896 1960 3978 proximorum
2008 3896 2320 3980 saulutem
2365 3895 2827 3979 predicationis
2868 3903 2985 3958 Fol.
3026 3904 3145 3958 60¹².

261 4002 543 4067 offitium
598 4001 865 4066 liberius
923 4002 1258 4067 exercetis.
1367 4001 1501 4066 Nos
1555 4004 1780 4085 itaque
1844 4008 1995 4067 vota
2059 4002 2348 4068 salubria
2412 4002 2830 4067 devotorum²

262 4110 562 4192 benignis
622 4107 960 4174 affectibus
1015 4103 1804 4193 prosequi‘delectanteS,
1861 4109 2036 4191 quod
2092 4109 2310 4174 nullus
2367 4130 2446 4173 ex
2485 4109 2666 4174 vobis
2713 4130 2830 4193 per

264 4217 517 4281 litteras
566 4198 957 4299 apostolicas
1005 4215 1084 4280 de
1132 4221 1346 4281 cetero
1400 4215 1845 4300 impetrandas
1902 4237 2018 4281 seu
2064 4216 2145 4280 de
2191 4217 2499 4282 mandato
2555 4216 2827 4280 alicuius

446 4450 465 4482 ¹
504 4449 614 4502 Am
640 4448 797 4503 Ende
822 4449 920 4503 der
940 4448 1429 4519 vorhergehenden
1453 4447 1602 4503 Zeile
1628 4448 1768 4502 nach
1794 4449 2173 4504 concessionis.
2320 4447 2343 4478 ²
2380 4448 2706 4503 devotorum
2735 4466 2825 4508 am

268 4537 463 4594 Raude
500 4538 680 4593 rechts
716 4557 828 4594 von
863 4544 1110 4608 spaterer
1146 4538 1331 4592 Hand.
1394 4537 1709 4592 Korrektur
1744 4537 1834 4592 fiir
1870 4539 2234 4607 dominorum,
2273 4538 2377 4593 wie
2415 4538 2514 4593 der
2537 4537 2828 4592 Schreiber

266 4628 626 4699 geschrieben
662 4627 831 4683 hatte.
906 4629 1254 4705 dominorum
1290 4628 1368 4681 im
1404 4627 1546 4681 Text
1582 4628 1756 4681 durch
1793 4627 2306 4698 Unterpunktieren
2341 4626 2556 4698 getilgt.

2333 4716 2401 4771 8*
