3242 5184
1223 306 1710 369 —147--

372 478 541 544 Item
594 480 650 544 si
704 480 946 546 fuerint
998 483 1066 546 in
1121 502 1196 546 eo
1253 482 1606 565 penitentie
1664 483 1850 565 signa
1896 485 1961 545 et
2007 487 2212 545 morte
2276 486 2747 564 preoccupatus

189 584 413 667 fuerit,
463 587 723 671 sepeliri
768 588 1136 670 mandatur,
1187 587 1409 653 debita
1455 588 1864 654 absolutione
1909 589 2246 671 premissa.

374 692 539 758 Item
585 694 960 777 indulgetur
1003 695 1272 779 prelatis
1320 701 1386 759 et
1415 695 1575 760 locis
1609 695 2087 775 ecclesiasticis,
2124 699 2196 757 ut
2235 716 2364 758 non
2403 699 2752 758 teneantur

192 799 280 864 ad
330 799 718 866 solutionem
764 800 1149 883 debitorum,
1197 803 1324 866 nisi
1368 801 1790 886 probaverint
1833 801 2226 865 creditorum
2271 807 2392 865 etc.

374 905 541 972 Item
590 908 783 972 datur
829 909 1026 973 etiam
1070 908 1292 973 littera
1337 909 1418 973 de
1465 909 1608 974 sola
1653 910 1964 994 pensione
2013 908 2365 973 subtracta.

375 1013 543 1079 Item
591 1015 900 1080 scribitur
945 1016 1358 1099 dyocesaniS,
1408 1016 1582 1099 quod
1630 1014 2024 1100 compellant
2061 1014 2354 1102 [Iudeos]
2404 1014 2488 1080 ad
2536 1015 2748 1081 demo-

192 1119 485 1185 liendum
533 1123 911 1205 sinagogam
956 1123 1102 1207 plus
1150 1144 1348 1205 quam
1393 1129 1680 1189 veterem
1727 1122 2099 1188 exaltatam.

373 1226 540 1293 Item
599 1229 840 1294 dantur
893 1230 1109 1295 littere
1170 1237 1396 1295 contra
1453 1230 1754 1295 falsarios
1812 1230 2180 1294 litterarum
2245 1229 2751 1313 apostolicarum

193 1356 311 1399 seu
357 1334 554 1401 bulle.

371 1441 538 1507 Item
598 1443 834 1508 dantur
895 1443 1140 1508 iudices
1198 1449 1424 1510 contra
1480 1445 1762 1510 scolares
1811 1451 1875 1509 et
1920 1444 2082 1508 alios
2101 1495 2116 1526 ,
2178 1446 2292 1526 qui
2336 1444 2750 1509 fideiussores

189 1570 347 1614 suos
395 1571 591 1633 super
635 1551 762 1633 hijs
811 1573 940 1615 non
988 1557 1251 1615 servant
1292 1550 1692 1635 indempnes.
1773 1550 1961 1634 Quod
1995 1551 2238 1615 dictum
2271 1557 2371 1615 est
2408 1552 2475 1615 in
2522 1550 2753 1616 cedula

188 1676 309 1739 per
356 1677 494 1721 con.
547 1654 638 1743 [P]
687 1663 754 1722 et
796 1679 929 1722 vec.
981 1658 1068 1744 [12]
1119 1658 1232 1740 qui
1278 1657 1520 1722 fuerint
1564 1659 1896 1723 evocandi.

370 1761 539 1828 Item
593 1785 711 1847 pro
766 1764 1045 1829 dominis
1101 1771 1328 1829 contra
1381 1764 1674 1830 homines
1734 1788 1884 1830 suos
1904 1815 1920 1847 ,
1987 1766 2099 1848 qui
2158 1786 2227 1829 se
2275 1765 2667 1830 subtrahunt
2713 1786 2753 1829 a

191 1869 498 1953 dominijs
545 1871 940 1952 eorumdem,
987 1876 1063 1934 ut
1104 1872 1172 1935 in
1217 1872 1531 1955 proximo.

372 1976 541 2042 Item
589 1977 896 2042 scribitur
942 1977 1333 2060 dyocesano,
1393 1978 1567 2062 quod
1612 1979 1777 2060 illis,
1829 1980 1941 2061 qui
1997 1980 2244 2043 intrant
2299 1979 2587 2043 ordinem
2636 1979 2750 2043 ali·
2871 2040 2875 2044 .

194 2103 390 2166 quem
436 2092 503 2149 et
547 2107 677 2149 non
722 2085 896 2150 facta
941 2085 1340 2169 professione
1389 2092 1627 2151 exeunt
1672 2086 1840 2149 infra
1887 2107 2156 2167 annum,
2207 2085 2399 2167 quod,
2456 2086 2582 2149 nisi
2636 2106 2754 2168 per

190 2189 524 2273 religionis
571 2191 886 2273 habitum,
937 2193 1049 2274 qui
1094 2192 1236 2257 dari
1268 2195 1603 2259 consuevit
1634 2191 2107 2277 profitentibus,
2155 2192 2256 2256 vel
2287 2191 2751 2274 professionem

168 2317 570 2380 „expressam
608 2298 941 2363 evidenter
971 2305 1305 2383 appareat,
1355 2300 1530 2383 quod
1562 2299 1859 2365 absolute
1891 2298 2217 2363 noluerint
2246 2298 2445 2362 vitam
2476 2305 2750 2381 mutare,

194 2402 589 2469 denuncient
633 2425 744 2471 eos
791 2405 877 2470 ad
920 2405 1288 2488 regularem
1336 2407 1816 2472 observantiam
1862 2426 1990 2469 non
2036 2405 2262 2469 teneri.

374 2510 543 2576 Item
590 2513 1072 2578 conservatoria
1117 2514 1598 2596 privilegiorum
1647 2519 1872 2577 contra
1917 2511 2190 2576 indulta.

373 2617 542 2683 Item
590 2625 816 2687 contra
861 2626 1156 2703 raptores
1206 2625 1272 2683 et
1316 2619 1635 2703 predones
1678 2619 1909 2684 dentur
1941 2619 2253 2702 exemptis
2288 2619 2424 2683 sine
2454 2618 2747 2683 lectione.

193 2723 323 2789 Sed
361 2748 477 2810 pro
527 2726 674 2809 alijs
720 2727 993 2809 legatur.
1074 2726 1288 2791 Datur
1316 2748 1434 2810 per
1468 2724 2092 2807 vicecancellarium,
2143 2724 2255 2790 sed
2301 2745 2418 2808 per
2462 2726 2749 2791 notarios

193 2830 340 2896 dari
387 2831 599 2897 debet.

375 2937 778 3024 Simplicium
826 2960 975 3005 vero
1025 2960 1219 3023 super
1263 2939 1802 3023 possessionibus,
1852 2938 2086 3004 debitis
2134 2944 2200 3002 et
2244 2939 2617 3004 diversitate
2656 2942 2750 3003 in-

189 3045 527 3127 iuriarum,
562 3051 586 3131 ΙΙ
611 3068 806 3130 super
835 3047 1073 3128 usuriS,
1112 3047 1511 3131 pignoribus,
1558 3047 1905 3111 iniectione
1937 3068 2266 3126 manuum,
2314 3046 2746 3128 matrimonijs

189 3159 261 3218 et
276 3154 870 3236 presentationibus
904 3153 1287 3219 clericorum
1319 3154 1403 3218 ad
1434 3154 1741 3219 benefitia
1761 3158 1826 3218 et
1845 3153 2576 3218 excommunicationum
2608 3175 2749 3217 sen-

187 3260 438 3342 tentijS,
484 3259 963 3342 receptionibus
1000 3262 1268 3325 testium
1300 3266 1366 3325 et
1412 3282 1607 3344 super
1654 3259 2198 3344 appellationibus
2238 3265 2304 3323 et
2332 3259 2750 3341 revocatorijs

188 3365 559 3430 litterarum
606 3387 721 3430 seu
766 3366 1121 3432 formarum
1167 3389 1472 3433 numerus
1518 3369 1627 3431 vix
1670 3367 1967 3432 habetur.

370 3472 539 3537 Item
592 3472 807 3539 littere
863 3475 1016 3556 alie,
1084 3495 1210 3556 que
1264 3476 1588 3540 iusticiam
1647 3475 2004 3555 continent,
2073 3472 2310 3537 dantur
2377 3472 2497 3537 sub
2561 3473 2750 3537 iustis

188 3579 673 3645 narrationibus
722 3587 788 3645 et
834 3581 1385 3664 conclusionibus,
1435 3603 1560 3664 que
1607 3587 1873 3666 propter
1915 3581 2298 3645 varietatem
2345 3581 2750 3661 negotiorum

188 3687 523 3751 numerari
568 3709 698 3751 non
743 3689 1012 3772 possint.

370 3792 539 3862 Item
584 3795 653 3858 in
698 3797 1015 3880 premissa
1058 3796 1480 3879 generalitate
1525 3797 1918 3876 litterarum,
1987 3816 2112 3877 que
2166 3794 2492 3859 iusticiam
2549 3793 2750 3856 conti-

189 3906 379 3982 nent,
427 3900 549 3965 hoc
595 3888 913 3983 servetur,
962 3908 1054 3983 ut,
1104 3905 1159 3966 si
1206 3904 1464 3986 quando
1512 3909 1800 3985 emergat
1846 3923 1961 3966 seu
2007 3906 2305 3967 occurrat
2349 3900 2576 3979 forma,
2626 3920 2751 3980 que

190 4030 323 4073 non
390 4009 798 4073 contineatur
860 4009 1030 4074 inter
1094 4032 1318 4094 supra,
1383 4011 1640 4093 legatur
1706 4010 1961 4074 domino
2028 4016 2247 4075 nostro
2313 4006 2557 4088 forma,
2626 4026 2751 4087 que

193 4115 498 4197 occurrit,
546 4120 620 4178 ut
664 4116 803 4198 ipse
850 4116 1131 4197 mandet,
1182 4117 1340 4199 quid
1371 4118 1526 4182 velit
1557 4120 1623 4181 in
1654 4117 1888 4181 litteris
1929 4115 2217 4180 eiusdem
2249 4114 2454 4179 forme
2488 4113 2750 4193 servari,

194 4221 447 4286 scilicet
490 4227 710 4286 utrum
755 4222 912 4287 velit
958 4243 1068 4287 eas
1118 4222 1259 4287 dari
1307 4225 1483 4309 [cum
1528 4223 1834 4308 lectione]
1881 4223 1982 4286 vel
2029 4225 2188 4286 sine.

372 4327 543 4394 Item
589 4328 670 4392 de
715 4331 1151 4413 revocatorijS.

373 4433 543 4500 Item
590 4435 669 4500 de
714 4436 862 4520 hijs,
913 4458 1038 4519 que
1086 4437 1497 4502 continentur
1541 4439 1606 4499 in
1654 4436 2049 4521 provinciali.

377 4540 612 4607 Cetera
657 4544 873 4609 omnia
921 4549 1073 4607 sunt
1117 4542 1408 4625 legenda.

2222 4755 2319 4807 102

2802 3014 2921 3099 F'ol.
2948 3049 3013 3097 75
3027 3042 3067 3096 b.
