<?xml version="1.0" encoding="UTF-8"?>
<!DOCTYPE html PUBLIC "-//W3C//DTD XHTML 1.0 Transitional//EN"
    "http://www.w3.org/TR/xhtml1/DTD/xhtml1-transitional.dtd">
<html xmlns="http://www.w3.org/1999/xhtml" xml:lang="en" lang="en">
 <head>
  <title>
</title>
<meta http-equiv="Content-Type" content="text/html;charset=utf-8" />
  <meta name='ocr-system' content='tesseract 3.04.00' />
  <meta name='ocr-capabilities' content='ocr_page ocr_carea ocr_par ocr_line ocrx_word'/>
</head>
<body>
  <div class='ocr_page' id='page_1' title='image "./derlibercancell00dietgoog_0289.png"; bbox 0 0 3242 5184; ppageno 0'>
   <div class='ocr_carea' id='block_1_1' title="bbox 1242 297 1729 359">
    <p class='ocr_par' dir='ltr' id='par_1_1' title="bbox 1242 297 1729 359">
     <span class='ocr_line' id='line_1_1' title="bbox 1242 297 1729 359; baseline 0 0"><span class='ocrx_word' id='word_1_1' title='bbox 1242 297 1729 359; x_wconf 43' lang='lat'>*197-2</span> 
     </span>
    </p>
   </div>
   <div class='ocr_carea' id='block_1_2' title="bbox 204 471 2772 3772">
    <p class='ocr_par' dir='ltr' id='par_1_2' title="bbox 204 471 2772 3772">
     <span class='ocr_line' id='line_1_2' title="bbox 217 471 2768 561; baseline 0.002 -24"><span class='ocrx_word' id='word_1_2' title='bbox 217 471 548 555; x_wconf 81' lang='lat' dir='ltr'>reducere,</span> <span class='ocrx_word' id='word_1_3' title='bbox 598 474 944 537; x_wconf 88' lang='lat' dir='ltr'>summissa</span> <span class='ocrx_word' id='word_1_4' title='bbox 988 493 1172 554; x_wconf 89' lang='lat' dir='ltr'>voce,</span> <span class='ocrx_word' id='word_1_5' title='bbox 1222 472 1360 536; x_wconf 88' lang='lat' dir='ltr'>sine</span> <span class='ocrx_word' id='word_1_6' title='bbox 1406 472 1685 555; x_wconf 91' lang='lat' dir='ltr'>strepitu</span> <span class='ocrx_word' id='word_1_7' title='bbox 1730 473 1949 557; x_wconf 88' lang='lat' dir='ltr'>aliquo</span> <span class='ocrx_word' id='word_1_8' title='bbox 1996 471 2210 538; x_wconf 82' lang='lat' dir='ltr'>dicere</span> <span class='ocrx_word' id='word_1_9' title='bbox 2256 474 2543 558; x_wconf 89' lang='lat' dir='ltr'>valeant,</span> <span class='ocrx_word' id='word_1_10' title='bbox 2593 477 2768 561; x_wconf 89' lang='lat' dir='ltr'>quod</span> 
     </span>
     <span class='ocr_line' id='line_1_3' title="bbox 216 566 2766 667; baseline 0.002 -22"><span class='ocrx_word' id='word_1_11' title='bbox 216 580 582 661; x_wconf 89' lang='lat' dir='ltr'>intendunt,</span> <span class='ocrx_word' id='word_1_12' title='bbox 649 581 775 644; x_wconf 91' lang='lat' dir='ltr'>nisi</span> <span class='ocrx_word' id='word_1_13' title='bbox 818 579 987 644; x_wconf 91' lang='lat' dir='ltr'>forte</span> <span class='ocrx_word' id='word_1_14' title='bbox 1031 601 1266 662; x_wconf 91' lang='lat' dir='ltr'>urgens</span> <span class='ocrx_word' id='word_1_15' title='bbox 1314 600 1512 644; x_wconf 88' lang='lat' dir='ltr'>causa</span> <span class='ocrx_word' id='word_1_16' title='bbox 1558 566 2320 663; x_wconf 64' lang='grc' dir='ltr'><strong>0010113Ῥ101031011οΠ13</strong></span> <span class='ocrx_word' id='word_1_17' title='bbox 2365 582 2766 667; x_wconf 91' lang='lat' dir='ltr'>incumbens,</span> 
     </span>
     <span class='ocr_line' id='line_1_4' title="bbox 216 685 2770 774; baseline 0.002 -23"><span class='ocrx_word' id='word_1_18' title='bbox 216 692 326 752; x_wconf 89' lang='lat' dir='ltr'>aut</span> <span class='ocrx_word' id='word_1_19' title='bbox 357 686 531 770; x_wconf 90' lang='lat' dir='ltr'>quod</span> <span class='ocrx_word' id='word_1_20' title='bbox 561 687 630 751; x_wconf 92' lang='lat' dir='ltr'>in</span> <span class='ocrx_word' id='word_1_21' title='bbox 663 687 1016 753; x_wconf 88' lang='lat' dir='ltr'>continenti</span> <span class='ocrx_word' id='word_1_22' title='bbox 1047 686 1407 770; x_wconf 90' lang='lat' dir='ltr'>corrigere1</span> <span class='ocrx_word' id='word_1_23' title='bbox 1435 685 1732 751; x_wconf 90' lang='lat' dir='ltr'>advocati</span> <span class='ocrx_word' id='word_1_24' title='bbox 1761 686 2002 752; x_wconf 88' lang='lat' dir='ltr'>vellent</span> <span class='ocrx_word' id='word_1_25' title='bbox 2032 686 2334 772; x_wconf 84' lang='lat' dir='ltr'>errorem,</span> <span class='ocrx_word' id='word_1_26' title='bbox 2367 691 2770 774; x_wconf 90' lang='lat' dir='ltr'>proponendi</span> 
     </span>
     <span class='ocr_line' id='line_1_5' title="bbox 217 792 2767 879; baseline 0.001 -19"><span class='ocrx_word' id='word_1_27' title='bbox 217 796 349 860; x_wconf 88' lang='lat' dir='ltr'>alta</span> <span class='ocrx_word' id='word_1_28' title='bbox 395 815 551 859; x_wconf 90' lang='lat' dir='ltr'>voce</span> <span class='ocrx_word' id='word_1_29' title='bbox 599 794 691 858; x_wconf 89' lang='lat' dir='ltr'>eis</span> <span class='ocrx_word' id='word_1_30' title='bbox 739 795 1194 860; x_wconf 89' lang='lat' dir='ltr'>necessitatem</span> <span class='ocrx_word' id='word_1_31' title='bbox 1238 793 1526 876; x_wconf 87' lang='lat' dir='ltr'>inducat,</span> <span class='ocrx_word' id='word_1_32' title='bbox 1575 792 1729 857; x_wconf 91' lang='lat' dir='ltr'>dum</span> <span class='ocrx_word' id='word_1_33' title='bbox 1773 793 1997 859; x_wconf 87' lang='lat' dir='ltr'>inferri</span> <span class='ocrx_word' id='word_1_34' title='bbox 2035 795 2161 861; x_wconf 85' lang='lat' dir='ltr'><strong>sibi</strong></span> <span class='ocrx_word' id='word_1_35' title='bbox 2195 796 2614 879; x_wconf 91' lang='lat' dir='ltr'>preiuditium</span> <span class='ocrx_word' id='word_1_36' title='bbox 2651 798 2767 863; x_wconf 91' lang='lat' dir='ltr'>ali-</span> 
     </span>
     <span class='ocr_line' id='line_1_6' title="bbox 213 899 2767 986; baseline 0.002 -19"><span class='ocrx_word' id='word_1_37' title='bbox 213 901 384 985; x_wconf 87' lang='lat' dir='ltr'>quod</span> <span class='ocrx_word' id='word_1_38' title='bbox 432 923 512 966; x_wconf 86' lang='lat' dir='ltr'>ex</span> <span class='ocrx_word' id='word_1_39' title='bbox 556 901 1003 967; x_wconf 76' lang='lat' dir='ltr'>taciturnitate</span> <span class='ocrx_word' id='word_1_40' title='bbox 1047 906 1370 967; x_wconf 87' lang='lat' dir='ltr'>verentur.</span> <span class='ocrx_word' id='word_1_41' title='bbox 1452 899 1932 983; x_wconf 90' lang='lat' dir='ltr'>Principalibus</span> <span class='ocrx_word' id='word_1_42' title='bbox 1946 901 1972 940; x_wconf 77' lang='lat'><strong>²</strong></span> <span class='ocrx_word' id='word_1_43' title='bbox 2017 906 2234 968; x_wconf 90' lang='lat' dir='ltr'>autem</span> <span class='ocrx_word' id='word_1_44' title='bbox 2279 904 2572 986; x_wconf 87' lang='lat' dir='ltr'>personis</span> <span class='ocrx_word' id='word_1_45' title='bbox 2620 926 2767 971; x_wconf 90' lang='lat' dir='ltr'>con-</span> 
     </span>
     <span class='ocr_line' id='line_1_7' title="bbox 215 1007 2768 1092; baseline 0.001 -18"><span class='ocrx_word' id='word_1_46' title='bbox 215 1008 522 1091; x_wconf 83' lang='lat' dir='ltr'>cedimus,</span> <span class='ocrx_word' id='word_1_47' title='bbox 569 1014 646 1072; x_wconf 93' lang='lat' dir='ltr'>ut</span> <span class='ocrx_word' id='word_1_48' title='bbox 689 1008 868 1091; x_wconf 88' lang='lat' dir='ltr'>prius</span> <span class='ocrx_word' id='word_1_49' title='bbox 914 1009 1122 1092; x_wconf 91' lang='lat' dir='ltr'>petita</span> <span class='ocrx_word' id='word_1_50' title='bbox 1167 1030 1207 1074; x_wconf 90' lang='lat' dir='ltr'>a</span> <span class='ocrx_word' id='word_1_51' title='bbox 1250 1007 1546 1073; x_wconf 90' lang='lat' dir='ltr'>Romano</span> <span class='ocrx_word' id='word_1_52' title='bbox 1592 1007 1898 1090; x_wconf 88' lang='lat' dir='ltr'>pontifice</span> <span class='ocrx_word' id='word_1_53' title='bbox 1933 1008 2197 1073; x_wconf 90' lang='lat' dir='ltr'>licentia</span> <span class='ocrx_word' id='word_1_54' title='bbox 2234 1015 2299 1075; x_wconf 89' lang='lat' dir='ltr'>et</span> <span class='ocrx_word' id='word_1_55' title='bbox 2335 1009 2600 1076; x_wconf 88' lang='lat' dir='ltr'>obtenta</span> <span class='ocrx_word' id='word_1_56' title='bbox 2636 1011 2768 1078; x_wconf 91' lang='lat' dir='ltr'>fac-</span> 
     </span>
     <span class='ocr_line' id='line_1_8' title="bbox 212 1115 2769 1199; baseline 0.001 -18"><span class='ocrx_word' id='word_1_57' title='bbox 212 1122 347 1181; x_wconf 91' lang='lat' dir='ltr'>tum</span> <span class='ocrx_word' id='word_1_58' title='bbox 386 1122 455 1181; x_wconf 91' lang='lat' dir='ltr'>et</span> <span class='ocrx_word' id='word_1_59' title='bbox 498 1117 600 1180; x_wconf 91' lang='lat' dir='ltr'>ius</span> <span class='ocrx_word' id='word_1_60' title='bbox 648 1137 836 1181; x_wconf 89' lang='lat' dir='ltr'>suum</span> <span class='ocrx_word' id='word_1_61' title='bbox 881 1117 1133 1199; x_wconf 83' lang='lat' dir='ltr'>possint</span> <span class='ocrx_word' id='word_1_62' title='bbox 1177 1135 1535 1199; x_wconf 89' lang='lat' dir='ltr'>proponere</span> <span class='ocrx_word' id='word_1_63' title='bbox 1580 1136 1701 1198; x_wconf 91' lang='lat' dir='ltr'>per</span> <span class='ocrx_word' id='word_1_64' title='bbox 1746 1136 1816 1180; x_wconf 89' lang='lat' dir='ltr'>se</span> <span class='ocrx_word' id='word_1_65' title='bbox 1869 1116 2068 1198; x_wconf 78' lang='lat' dir='ltr'>ipsas,</span> <span class='ocrx_word' id='word_1_66' title='bbox 2159 1115 2278 1180; x_wconf 79' lang='grc'><strong>1113</strong></span> <span class='ocrx_word' id='word_1_67' title='bbox 2341 1118 2554 1184; x_wconf 87' lang='lat' dir='ltr'>causis</span> <span class='ocrx_word' id='word_1_68' title='bbox 2616 1141 2769 1184; x_wconf 91' lang='lat' dir='ltr'>vero</span> 
     </span>
     <span class='ocr_line' id='line_1_9' title="bbox 210 1220 2767 1309; baseline 0.002 -22"><span class='ocrx_word' id='word_1_69' title='bbox 210 1224 274 1287; x_wconf 93' lang='lat' dir='ltr'>in</span> <span class='ocrx_word' id='word_1_70' title='bbox 305 1223 484 1289; x_wconf 92' lang='lat' dir='ltr'>dicto</span> <span class='ocrx_word' id='word_1_71' title='bbox 513 1223 896 1289; x_wconf 90' lang='lat' dir='ltr'>consistorio</span> <span class='ocrx_word' id='word_1_72' title='bbox 923 1222 1358 1306; x_wconf 89' lang='lat' dir='ltr'>proponendis</span> <span class='ocrx_word' id='word_1_73' title='bbox 1386 1220 1558 1287; x_wconf 92' lang='lat' dir='ltr'>hunc</span> <span class='ocrx_word' id='word_1_74' title='bbox 1587 1221 1879 1287; x_wconf 88' lang='lat' dir='ltr'>ordinem</span> <span class='ocrx_word' id='word_1_75' title='bbox 1908 1224 2254 1288; x_wconf 82' lang='lat' dir='ltr'>statuimus</span> <span class='ocrx_word' id='word_1_76' title='bbox 2274 1222 2767 1309; x_wconf 89' lang='lat' dir='ltr'>observandum,</span> 
     </span>
     <span class='ocr_line' id='line_1_10' title="bbox 210 1330 2768 1416; baseline 0.002 -21"><span class='ocrx_word' id='word_1_77' title='bbox 210 1335 280 1395; x_wconf 90' lang='lat' dir='ltr'>ut</span> <span class='ocrx_word' id='word_1_78' title='bbox 340 1331 557 1415; x_wconf 91' lang='lat' dir='ltr'>primo</span> <span class='ocrx_word' id='word_1_79' title='bbox 623 1351 816 1395; x_wconf 92' lang='lat' dir='ltr'>cause</span> <span class='ocrx_word' id='word_1_80' title='bbox 879 1351 1276 1415; x_wconf 89' lang='lat' dir='ltr'>pauperum,</span> <span class='ocrx_word' id='word_1_81' title='bbox 1343 1349 1618 1413; x_wconf 90' lang='lat' dir='ltr'>quarum</span> <span class='ocrx_word' id='word_1_82' title='bbox 1682 1330 2114 1412; x_wconf 89' lang='lat' dir='ltr'>patrocinium</span> <span class='ocrx_word' id='word_1_83' title='bbox 2177 1331 2381 1413; x_wconf 88' lang='lat' dir='ltr'>gratis</span> <span class='ocrx_word' id='word_1_84' title='bbox 2453 1355 2574 1416; x_wconf 92' lang='lat' dir='ltr'>pro</span> <span class='ocrx_word' id='word_1_85' title='bbox 2647 1333 2768 1399; x_wconf 91' lang='lat' dir='ltr'>deo</span> 
     </span>
     <span class='ocr_line' id='line_1_11' title="bbox 208 1436 2769 1551; baseline 0.002 -49"><span class='ocrx_word' id='word_1_86' title='bbox 208 1438 471 1522; x_wconf 90' lang='lat' dir='ltr'>patroni</span> <span class='ocrx_word' id='word_1_87' title='bbox 504 1438 1032 1551; x_wconf 78' lang='lat' dir='ltr'>assumpserint4,</span> <span class='ocrx_word' id='word_1_88' title='bbox 1068 1442 1133 1503; x_wconf 91' lang='lat' dir='ltr'>et</span> <span class='ocrx_word' id='word_1_89' title='bbox 1161 1441 1311 1520; x_wconf 91' lang='lat' dir='ltr'>post</span> <span class='ocrx_word' id='word_1_90' title='bbox 1351 1457 1462 1501; x_wconf 89' lang='lat' dir='ltr'>eas</span> <span class='ocrx_word' id='word_1_91' title='bbox 1494 1436 1883 1502; x_wconf 84' lang='lat' dir='ltr'>electionum</span> <span class='ocrx_word' id='word_1_92' title='bbox 1914 1441 1980 1501; x_wconf 92' lang='lat' dir='ltr'>et</span> <span class='ocrx_word' id='word_1_93' title='bbox 2007 1437 2537 1522; x_wconf 89' lang='lat' dir='ltr'>postulationum,</span> <span class='ocrx_word' id='word_1_94' title='bbox 2575 1443 2600 1525; x_wconf 89' lang='grc' dir='ltr'>ΙΙ</span> <span class='ocrx_word' id='word_1_95' title='bbox 2643 1460 2769 1524; x_wconf 92' lang='lat' dir='ltr'>que</span> 
     </span>
     <span class='ocr_line' id='line_1_12' title="bbox 211 1513 2770 1629; baseline 0.001 -19"><span class='ocrx_word' id='word_1_96' title='bbox 211 1545 509 1611; x_wconf 90' lang='lat' dir='ltr'>fuerint</span> <span class='ocrx_word' id='word_1_97' title='bbox 491 1567 559 1609; x_wconf 91' lang='lat' dir='ltr'>m</span> <span class='ocrx_word' id='word_1_98' title='bbox 597 1545 943 1611; x_wconf 88' lang='lat' dir='ltr'>concordia</span> <span class='ocrx_word' id='word_1_99' title='bbox 976 1513 1325 1626; x_wconf 89' lang='lat' dir='ltr'>celebrate,</span> <span class='ocrx_word' id='word_1_100' title='bbox 1367 1549 1432 1609; x_wconf 89' lang='lat' dir='ltr'>et</span> <span class='ocrx_word' id='word_1_101' title='bbox 1467 1543 1700 1609; x_wconf 89' lang='lat' dir='ltr'>deinde</span> <span class='ocrx_word' id='word_1_102' title='bbox 1739 1543 2125 1609; x_wconf 86' lang='lat' dir='ltr'>electionum</span> <span class='ocrx_word' id='word_1_103' title='bbox 2161 1550 2227 1609; x_wconf 89' lang='lat' dir='ltr'>et</span> <span class='ocrx_word' id='word_1_104' title='bbox 2261 1545 2770 1629; x_wconf 90' lang='lat' dir='ltr'>postulationum</span> 
     </span>
     <span class='ocr_line' id='line_1_13' title="bbox 209 1649 2769 1736; baseline 0.002 -20"><span class='ocrx_word' id='word_1_105' title='bbox 209 1652 608 1718; x_wconf 89' lang='lat' dir='ltr'>discordium</span> <span class='ocrx_word' id='word_1_106' title='bbox 655 1673 770 1717; x_wconf 91' lang='lat' dir='ltr'>seu</span> <span class='ocrx_word' id='word_1_107' title='bbox 817 1653 1256 1736; x_wconf 90' lang='lat' dir='ltr'>oppositorem</span> <span class='ocrx_word' id='word_1_108' title='bbox 1298 1651 1401 1717; x_wconf 88' lang='lat' dir='ltr'>vel</span> <span class='ocrx_word' id='word_1_109' title='bbox 1448 1651 1853 1735; x_wconf 89' lang='lat' dir='ltr'>oppositores</span> <span class='ocrx_word' id='word_1_110' title='bbox 1888 1649 2269 1716; x_wconf 87' lang='lat' dir='ltr'>habentium</span> <span class='ocrx_word' id='word_1_111' title='bbox 2304 1652 2513 1736; x_wconf 91' lang='lat' dir='ltr'>primo</span> <span class='ocrx_word' id='word_1_112' title='bbox 2552 1653 2769 1720; x_wconf 89' lang='lat' dir='ltr'>cathe-</span> 
     </span>
     <span class='ocr_line' id='line_1_14' title="bbox 210 1747 2769 1843; baseline 0.001 -19"><span class='ocrx_word' id='word_1_113' title='bbox 210 1759 496 1826; x_wconf 90' lang='lat' dir='ltr'>dralium</span> <span class='ocrx_word' id='word_1_114' title='bbox 562 1765 629 1826; x_wconf 88' lang='lat' dir='ltr'>et</span> <span class='ocrx_word' id='word_1_115' title='bbox 680 1765 830 1843; x_wconf 87' lang='lat' dir='ltr'>post</span> <span class='ocrx_word' id='word_1_116' title='bbox 886 1747 997 1825; x_wconf 78' lang='lat' dir='ltr'>eas</span> <span class='ocrx_word' id='word_1_117' title='bbox 1051 1759 1448 1842; x_wconf 85' lang='lat' dir='ltr'>regularium</span> <span class='ocrx_word' id='word_1_118' title='bbox 1494 1757 1917 1823; x_wconf 89' lang='lat' dir='ltr'>ecclesiarum</span> <span class='ocrx_word' id='word_1_119' title='bbox 1964 1763 2031 1823; x_wconf 89' lang='lat' dir='ltr'>et</span> <span class='ocrx_word' id='word_1_120' title='bbox 2074 1758 2348 1824; x_wconf 88' lang='lat' dir='ltr'>aliarum</span> <span class='ocrx_word' id='word_1_121' title='bbox 2393 1759 2769 1826; x_wconf 89' lang='lat' dir='ltr'>inferiorum</span> 
     </span>
     <span class='ocr_line' id='line_1_15' title="bbox 210 1853 2769 1951; baseline 0.001 -20"><span class='ocrx_word' id='word_1_122' title='bbox 210 1867 607 1951; x_wconf 85' lang='lat' dir='ltr'>dignitatum</span> <span class='ocrx_word' id='word_1_123' title='bbox 629 1869 730 1932; x_wconf 69' lang='lat' dir='ltr'>‘ac</span> <span class='ocrx_word' id='word_1_124' title='bbox 777 1866 1249 1950; x_wconf 88' lang='lat' dir='ltr'>subsequenter</span> <span class='ocrx_word' id='word_1_125' title='bbox 1294 1864 1592 1950; x_wconf 89' lang='lat' dir='ltr'>querele,</span> <span class='ocrx_word' id='word_1_126' title='bbox 1645 1864 2165 1930; x_wconf 88' lang='lat' dir='ltr'>denuntiationes</span> <span class='ocrx_word' id='word_1_127' title='bbox 2212 1873 2278 1932; x_wconf 95' lang='lat' dir='ltr'>et</span> <span class='ocrx_word' id='word_1_128' title='bbox 2323 1853 2769 1935; x_wconf 84' lang='lat' dir='ltr'>accusationes</span> 
     </span>
     <span class='ocr_line' id='line_1_16' title="bbox 210 1971 2768 2060; baseline 0.001 -20"><span class='ocrx_word' id='word_1_129' title='bbox 210 1980 273 2040; x_wconf 90' lang='lat' dir='ltr'>et</span> <span class='ocrx_word' id='word_1_130' title='bbox 318 1975 452 2040; x_wconf 91' lang='lat' dir='ltr'>alie</span> <span class='ocrx_word' id='word_1_131' title='bbox 498 1974 892 2057; x_wconf 89' lang='lat' dir='ltr'>iurgantium</span> <span class='ocrx_word' id='word_1_132' title='bbox 941 1995 1134 2040; x_wconf 89' lang='lat' dir='ltr'>cause</span> <span class='ocrx_word' id='word_1_133' title='bbox 1180 1994 1297 2040; x_wconf 90' lang='lat' dir='ltr'>seu</span> <span class='ocrx_word' id='word_1_134' title='bbox 1341 1972 1601 2056; x_wconf 86' lang='lat' dir='ltr'>negotia</span> <span class='ocrx_word' id='word_1_135' title='bbox 1623 2022 1639 2055; x_wconf 93' lang='lat'>,</span> <span class='ocrx_word' id='word_1_136' title='bbox 1706 1973 1761 2037; x_wconf 91' lang='lat' dir='ltr'>si</span> <span class='ocrx_word' id='word_1_137' title='bbox 1806 1992 1936 2055; x_wconf 90' lang='lat' dir='ltr'>qua</span> <span class='ocrx_word' id='word_1_138' title='bbox 1982 1971 2252 2055; x_wconf 87' lang='lat' dir='ltr'>fuerint,</span> <span class='ocrx_word' id='word_1_139' title='bbox 2300 1983 2768 2060; x_wconf 89' lang='lat' dir='ltr'>proponantur,</span> 
     </span>
     <span class='ocr_line' id='line_1_17' title="bbox 204 2069 2772 2164; baseline 0 -19"><span class='ocrx_word' id='word_1_140' title='bbox 204 2082 298 2146; x_wconf 90' lang='lat' dir='ltr'>ita</span> <span class='ocrx_word' id='word_1_141' title='bbox 342 2081 652 2146; x_wconf 89' lang='lat' dir='ltr'>videlicet</span> <span class='ocrx_word' id='word_1_142' title='bbox 694 2088 769 2146; x_wconf 94' lang='lat' dir='ltr'>ut</span> <span class='ocrx_word' id='word_1_143' title='bbox 810 2069 1030 2164; x_wconf 64' lang='lat' dir='ltr'>primo¹</span> <span class='ocrx_word' id='word_1_144' title='bbox 1067 2081 1419 2146; x_wconf 88' lang='lat' dir='ltr'>advocatus</span> <span class='ocrx_word' id='word_1_145' title='bbox 1464 2100 1824 2164; x_wconf 90' lang='lat' dir='ltr'>pauperum</span> <span class='ocrx_word' id='word_1_146' title='bbox 1870 2100 2068 2143; x_wconf 92' lang='lat' dir='ltr'>uuam</span> <span class='ocrx_word' id='word_1_147' title='bbox 2115 2102 2378 2146; x_wconf 90' lang='lat' dir='ltr'>causam</span> <span class='ocrx_word' id='word_1_148' title='bbox 2434 2081 2772 2148; x_wconf 83' lang='lat' dir='ltr'>dumtaxat</span> 
     </span>
     <span class='ocr_line' id='line_1_18' title="bbox 205 2186 2768 2273; baseline -0 -18"><span class='ocrx_word' id='word_1_149' title='bbox 205 2189 541 2273; x_wconf 88' lang='lat' dir='ltr'>pauperis,</span> <span class='ocrx_word' id='word_1_150' title='bbox 589 2210 786 2272; x_wconf 93' lang='lat' dir='ltr'>quam</span> <span class='ocrx_word' id='word_1_151' title='bbox 815 2188 1054 2254; x_wconf 90' lang='lat' dir='ltr'>viderit</span> <span class='ocrx_word' id='word_1_152' title='bbox 1088 2187 1296 2271; x_wconf 90' lang='lat' dir='ltr'>magis</span> <span class='ocrx_word' id='word_1_153' title='bbox 1332 2187 1529 2270; x_wconf 89' lang='lat' dir='ltr'>piam,</span> <span class='ocrx_word' id='word_1_154' title='bbox 1578 2192 1645 2251; x_wconf 91' lang='lat' dir='ltr'>et</span> <span class='ocrx_word' id='word_1_155' title='bbox 1687 2186 1934 2252; x_wconf 88' lang='lat' dir='ltr'>nullam</span> <span class='ocrx_word' id='word_1_156' title='bbox 1980 2186 2176 2251; x_wconf 88' lang='lat' dir='ltr'>aliam</span> <span class='ocrx_word' id='word_1_157' title='bbox 2223 2209 2420 2270; x_wconf 89' lang='lat' dir='ltr'>quam</span> <span class='ocrx_word' id='word_1_158' title='bbox 2463 2189 2768 2272; x_wconf 91' lang='lat' dir='ltr'>pauperis</span> 
     </span>
     <span class='ocr_line' id='line_1_19' title="bbox 207 2293 2770 2379; baseline 0 -18"><span class='ocrx_word' id='word_1_159' title='bbox 207 2317 479 2361; x_wconf 90' lang='lat' dir='ltr'>causam</span> <span class='ocrx_word' id='word_1_160' title='bbox 525 2300 875 2379; x_wconf 89' lang='lat' dir='ltr'>proponat,</span> <span class='ocrx_word' id='word_1_161' title='bbox 941 2302 1092 2379; x_wconf 89' lang='lat' dir='ltr'>post</span> <span class='ocrx_word' id='word_1_162' title='bbox 1136 2316 1329 2379; x_wconf 91' lang='lat' dir='ltr'>quem</span> <span class='ocrx_word' id='word_1_163' title='bbox 1384 2294 1578 2376; x_wconf 84' lang='lat' dir='ltr'>aliuS,</span> <span class='ocrx_word' id='word_1_164' title='bbox 1628 2293 1875 2377; x_wconf 91' lang='lat' dir='ltr'>primus</span> <span class='ocrx_word' id='word_1_165' title='bbox 1919 2297 2071 2377; x_wconf 91' lang='lat' dir='ltr'>post</span> <span class='ocrx_word' id='word_1_166' title='bbox 2125 2315 2272 2359; x_wconf 92' lang='lat' dir='ltr'>eum</span> <span class='ocrx_word' id='word_1_167' title='bbox 2316 2295 2384 2360; x_wconf 93' lang='lat' dir='ltr'>iu</span> <span class='ocrx_word' id='word_1_168' title='bbox 2429 2296 2770 2361; x_wconf 90' lang='lat' dir='ltr'>matricola</span> 
     </span>
     <span class='ocr_line' id='line_1_20' title="bbox 207 2401 2766 2487; baseline 0 -20"><span class='ocrx_word' id='word_1_169' title='bbox 207 2404 514 2487; x_wconf 78' lang='lat' dir='ltr'>scriptuS‚</span> <span class='ocrx_word' id='word_1_170' title='bbox 561 2403 788 2486; x_wconf 90' lang='lat' dir='ltr'>possit,</span> <span class='ocrx_word' id='word_1_171' title='bbox 829 2402 885 2467; x_wconf 94' lang='lat' dir='ltr'>si</span> <span class='ocrx_word' id='word_1_172' title='bbox 914 2402 1090 2485; x_wconf 90' lang='lat' dir='ltr'>velit,</span> <span class='ocrx_word' id='word_1_173' title='bbox 1130 2422 1489 2486; x_wconf 88' lang='lat' dir='ltr'>proponere</span> <span class='ocrx_word' id='word_1_174' title='bbox 1527 2422 1724 2465; x_wconf 91' lang='lat' dir='ltr'>unam</span> <span class='ocrx_word' id='word_1_175' title='bbox 1763 2421 2026 2464; x_wconf 89' lang='lat' dir='ltr'>causam</span> <span class='ocrx_word' id='word_1_176' title='bbox 2063 2401 2370 2484; x_wconf 88' lang='lat' dir='ltr'>pauperis</span> <span class='ocrx_word' id='word_1_177' title='bbox 2407 2403 2612 2485; x_wconf 88' lang='lat' dir='ltr'>gratis</span> <span class='ocrx_word' id='word_1_178' title='bbox 2649 2425 2766 2487; x_wconf 91' lang='lat' dir='ltr'>pro</span> 
     </span>
     <span class='ocr_line' id='line_1_21' title="bbox 207 2505 2769 2594; baseline 0 -21"><span class='ocrx_word' id='word_1_179' title='bbox 207 2509 327 2576; x_wconf 89' lang='lat' dir='ltr'>deo</span> <span class='ocrx_word' id='word_1_180' title='bbox 378 2531 459 2574; x_wconf 91' lang='lat' dir='ltr'>ac</span> <span class='ocrx_word' id='word_1_181' title='bbox 506 2509 980 2594; x_wconf 90' lang='lat' dir='ltr'>subsequenter</span> <span class='ocrx_word' id='word_1_182' title='bbox 1023 2531 1222 2575; x_wconf 90' lang='lat' dir='ltr'>unam</span> <span class='ocrx_word' id='word_1_183' title='bbox 1267 2509 1463 2573; x_wconf 89' lang='lat' dir='ltr'>aliam</span> <span class='ocrx_word' id='word_1_184' title='bbox 1510 2528 1775 2572; x_wconf 90' lang='lat' dir='ltr'>causam</span> <span class='ocrx_word' id='word_1_185' title='bbox 1822 2505 2156 2572; x_wconf 90' lang='lat' dir='ltr'>electionis</span> <span class='ocrx_word' id='word_1_186' title='bbox 2193 2508 2261 2573; x_wconf 89' lang='lat' dir='ltr'>in</span> <span class='ocrx_word' id='word_1_187' title='bbox 2299 2508 2662 2592; x_wconf 90' lang='lat' dir='ltr'>concordia,</span> <span class='ocrx_word' id='word_1_188' title='bbox 2712 2510 2769 2574; x_wconf 90' lang='lat' dir='ltr'>si</span> 
     </span>
     <span class='ocr_line' id='line_1_22' title="bbox 204 2614 2769 2706; baseline 0 -26"><span class='ocrx_word' id='word_1_189' title='bbox 204 2616 473 2697; x_wconf 90' lang='lat' dir='ltr'>habeat,</span> <span class='ocrx_word' id='word_1_190' title='bbox 514 2621 589 2706; x_wconf 32' lang='lat' dir='ltr'>‘et</span> <span class='ocrx_word' id='word_1_191' title='bbox 634 2617 689 2681; x_wconf 92' lang='lat' dir='ltr'>si</span> <span class='ocrx_word' id='word_1_192' title='bbox 734 2639 864 2682; x_wconf 89' lang='lat' dir='ltr'>non</span> <span class='ocrx_word' id='word_1_193' title='bbox 899 2616 1161 2698; x_wconf 90' lang='lat' dir='ltr'>habeat,</span> <span class='ocrx_word' id='word_1_194' title='bbox 1208 2637 1325 2699; x_wconf 92' lang='lat' dir='ltr'>per</span> <span class='ocrx_word' id='word_1_195' title='bbox 1371 2614 1646 2680; x_wconf 91' lang='lat' dir='ltr'>eundem</span> <span class='ocrx_word' id='word_1_196' title='bbox 1692 2614 1952 2679; x_wconf 91' lang='lat' dir='ltr'>modum</span> <span class='ocrx_word' id='word_1_197' title='bbox 1999 2620 2066 2678; x_wconf 90' lang='lat' dir='ltr'>et</span> <span class='ocrx_word' id='word_1_198' title='bbox 2111 2615 2404 2680; x_wconf 90' lang='lat' dir='ltr'>ordinem</span> <span class='ocrx_word' id='word_1_199' title='bbox 2448 2622 2769 2699; x_wconf 90' lang='lat' dir='ltr'>proponat</span> 
     </span>
     <span class='ocr_line' id='line_1_23' title="bbox 206 2721 2764 2807; baseline -0 -19"><span class='ocrx_word' id='word_1_200' title='bbox 206 2724 376 2789; x_wconf 89' lang='lat' dir='ltr'>alius</span> <span class='ocrx_word' id='word_1_201' title='bbox 409 2723 824 2789; x_wconf 90' lang='lat' dir='ltr'>immediatus</span> <span class='ocrx_word' id='word_1_202' title='bbox 855 2729 1006 2807; x_wconf 91' lang='lat' dir='ltr'>post</span> <span class='ocrx_word' id='word_1_203' title='bbox 1035 2724 1268 2807; x_wconf 91' lang='lat' dir='ltr'>ipsum,</span> <span class='ocrx_word' id='word_1_204' title='bbox 1318 2727 1384 2787; x_wconf 91' lang='lat' dir='ltr'>et</span> <span class='ocrx_word' id='word_1_205' title='bbox 1414 2722 1507 2786; x_wconf 91' lang='lat' dir='ltr'>sic</span> <span class='ocrx_word' id='word_1_206' title='bbox 1536 2721 1773 2804; x_wconf 93' lang='lat' dir='ltr'>reliqui</span> <span class='ocrx_word' id='word_1_207' title='bbox 1804 2722 1914 2806; x_wconf 87' lang='lat' dir='ltr'>alij</span> <span class='ocrx_word' id='word_1_208' title='bbox 1950 2722 2311 2788; x_wconf 84' lang='lat' dir='ltr'>successive</span> <span class='ocrx_word' id='word_1_209' title='bbox 2342 2724 2764 2807; x_wconf 56' lang='lat' dir='ltr'>proponant-,¹5</span> 
     </span>
     <span class='ocr_line' id='line_1_24' title="bbox 205 2815 2769 2915; baseline 0 -20"><span class='ocrx_word' id='word_1_210' title='bbox 205 2815 416 2897; x_wconf 87' lang='lat' dir='ltr'>donec</span> <span class='ocrx_word' id='word_1_211' title='bbox 463 2852 684 2895; x_wconf 91' lang='lat' dir='ltr'>omnes</span> <span class='ocrx_word' id='word_1_212' title='bbox 730 2835 798 2895; x_wconf 90' lang='lat' dir='ltr'>et</span> <span class='ocrx_word' id='word_1_213' title='bbox 845 2831 1082 2915; x_wconf 82' lang='lat' dir='ltr'>singuli</span> <span class='ocrx_word' id='word_1_214' title='bbox 1129 2830 1336 2895; x_wconf 90' lang='lat' dir='ltr'>auditi</span> <span class='ocrx_word' id='word_1_215' title='bbox 1381 2828 1627 2894; x_wconf 86' lang='lat' dir='ltr'>fuerint</span> <span class='ocrx_word' id='word_1_216' title='bbox 1656 2834 1911 2894; x_wconf 88' lang='lat' dir='ltr'>servato</span> <span class='ocrx_word' id='word_1_217' title='bbox 1945 2829 2169 2894; x_wconf 91' lang='lat' dir='ltr'>ordine</span> <span class='ocrx_word' id='word_1_218' title='bbox 2200 2829 2594 2913; x_wconf 89' lang='lat' dir='ltr'>supradicto.</span> <span class='ocrx_word' id='word_1_219' title='bbox 2678 2830 2769 2895; x_wconf 88' lang='lat' dir='ltr'>Et</span> 
     </span>
     <span class='ocr_line' id='line_1_25' title="bbox 206 2935 2768 3021; baseline -0 -18"><span class='ocrx_word' id='word_1_220' title='bbox 206 2939 261 3003; x_wconf 89' lang='lat' dir='ltr'>si</span> <span class='ocrx_word' id='word_1_221' title='bbox 318 2959 546 3004; x_wconf 91' lang='lat' dir='ltr'>omnes</span> <span class='ocrx_word' id='word_1_222' title='bbox 601 2938 669 3001; x_wconf 91' lang='lat' dir='ltr'>in</span> <span class='ocrx_word' id='word_1_223' title='bbox 723 2939 933 3021; x_wconf 91' lang='lat' dir='ltr'>primo</span> <span class='ocrx_word' id='word_1_224' title='bbox 989 2936 1373 3003; x_wconf 89' lang='lat' dir='ltr'>consistorio</span> <span class='ocrx_word' id='word_1_225' title='bbox 1431 2935 1645 3000; x_wconf 88' lang='lat' dir='ltr'>audiri</span> <span class='ocrx_word' id='word_1_226' title='bbox 1699 2958 1829 3001; x_wconf 89' lang='lat' dir='ltr'>non</span> <span class='ocrx_word' id='word_1_227' title='bbox 1882 2937 2160 3020; x_wconf 89' lang='lat' dir='ltr'>possint,</span> <span class='ocrx_word' id='word_1_228' title='bbox 2225 2936 2336 3001; x_wconf 92' lang='lat' dir='ltr'>ille</span> <span class='ocrx_word' id='word_1_229' title='bbox 2389 2937 2637 3020; x_wconf 89' lang='lat' dir='ltr'>primus</span> <span class='ocrx_word' id='word_1_230' title='bbox 2701 2938 2768 3002; x_wconf 90' lang='lat' dir='ltr'>in</span> 
     </span>
     <span class='ocr_line' id='line_1_26' title="bbox 206 3043 2770 3131; baseline -0.001 -19"><span class='ocrx_word' id='word_1_231' title='bbox 206 3047 509 3131; x_wconf 88' lang='lat' dir='ltr'>sequenti</span> <span class='ocrx_word' id='word_1_232' title='bbox 555 3045 939 3112; x_wconf 87' lang='lat' dir='ltr'>consistorio</span> <span class='ocrx_word' id='word_1_233' title='bbox 987 3045 1072 3109; x_wconf 88' lang='lat' dir='ltr'>ad</span> <span class='ocrx_word' id='word_1_234' title='bbox 1123 3043 1246 3110; x_wconf 93' lang='lat' dir='ltr'>hoc</span> <span class='ocrx_word' id='word_1_235' title='bbox 1292 3043 1602 3127; x_wconf 87' lang='lat' dir='ltr'>deputato</span> <span class='ocrx_word' id='word_1_236' title='bbox 1650 3043 1920 3127; x_wconf 88' lang='lat' dir='ltr'>incipiat</span> <span class='ocrx_word' id='word_1_237' title='bbox 1966 3047 2032 3109; x_wconf 90' lang='lat' dir='ltr'>et</span> <span class='ocrx_word' id='word_1_238' title='bbox 2075 3047 2415 3127; x_wconf 87' lang='lat' dir='ltr'>proponat,</span> <span class='ocrx_word' id='word_1_239' title='bbox 2464 3044 2576 3127; x_wconf 91' lang='lat' dir='ltr'>qui</span> <span class='ocrx_word' id='word_1_240' title='bbox 2620 3050 2770 3127; x_wconf 90' lang='lat' dir='ltr'>post</span> 
     </span>
     <span class='ocr_line' id='line_1_27' title="bbox 204 3133 2766 3236; baseline -0.001 -17"><span class='ocrx_word' id='word_1_241' title='bbox 204 3154 442 3219; x_wconf 91' lang='lat' dir='ltr'>ultimo</span> <span class='ocrx_word' id='word_1_242' title='bbox 488 3156 953 3236; x_wconf 91' lang='lat' dir='ltr'>proponentem</span> <span class='ocrx_word' id='word_1_243' title='bbox 1018 3152 1086 3216; x_wconf 93' lang='lat' dir='ltr'>in</span> <span class='ocrx_word' id='word_1_244' title='bbox 1142 3150 1526 3216; x_wconf 89' lang='lat' dir='ltr'>consistorio</span> <span class='ocrx_word' id='word_1_245' title='bbox 1580 3133 1954 3232; x_wconf 80' lang='lat' dir='ltr'>precedenti</span> <span class='ocrx_word' id='word_1_246' title='bbox 2008 3171 2366 3233; x_wconf 91' lang='lat' dir='ltr'>proponere</span> <span class='ocrx_word' id='word_1_247' title='bbox 2413 3150 2766 3234; x_wconf 87' lang='lat' dir='ltr'>debuisset,</span> 
     </span>
     <span class='ocr_line' id='line_1_28' title="bbox 206 3252 2765 3344; baseline -0.002 -18"><span class='ocrx_word' id='word_1_248' title='bbox 206 3282 285 3326; x_wconf 91' lang='lat' dir='ltr'>ac</span> <span class='ocrx_word' id='word_1_249' title='bbox 319 3260 455 3325; x_wconf 73' lang='lat' dir='ltr'>sic⁶</span> <span class='ocrx_word' id='word_1_250' title='bbox 486 3259 595 3344; x_wconf 87' lang='lat' dir='ltr'>alij</span> <span class='ocrx_word' id='word_1_251' title='bbox 643 3258 1003 3324; x_wconf 83' lang='lat' dir='ltr'>successive</span> <span class='ocrx_word' id='word_1_252' title='bbox 1036 3279 1266 3323; x_wconf 85' lang='lat' dir='ltr'>causas</span> <span class='ocrx_word' id='word_1_253' title='bbox 1299 3257 1613 3323; x_wconf 88' lang='lat' dir='ltr'>habentes</span> <span class='ocrx_word' id='word_1_254' title='bbox 1648 3252 1890 3321; x_wconf 91' lang='lat' dir='ltr'>similes</span> <span class='ocrx_word' id='word_1_255' title='bbox 1938 3256 2322 3336; x_wconf 83' lang='lat' dir='ltr'>audiantur3</span> <span class='ocrx_word' id='word_1_256' title='bbox 2372 3254 2608 3341; x_wconf 90' lang='lat' dir='ltr'>quibus</span> <span class='ocrx_word' id='word_1_257' title='bbox 2656 3279 2765 3324; x_wconf 81' lang='lat' dir='ltr'>ex-</span> 
     </span>
     <span class='ocr_line' id='line_1_29' title="bbox 204 3362 2768 3452; baseline -0.002 -19"><span class='ocrx_word' id='word_1_258' title='bbox 204 3367 404 3452; x_wconf 90' lang='lat' dir='ltr'>pletis</span> <span class='ocrx_word' id='word_1_259' title='bbox 450 3365 757 3433; x_wconf 89' lang='lat' dir='ltr'>redeatur</span> <span class='ocrx_word' id='word_1_260' title='bbox 804 3365 890 3431; x_wconf 90' lang='lat' dir='ltr'>ad</span> <span class='ocrx_word' id='word_1_261' title='bbox 933 3365 1242 3449; x_wconf 90' lang='lat' dir='ltr'>primum,</span> <span class='ocrx_word' id='word_1_262' title='bbox 1291 3384 1408 3447; x_wconf 93' lang='lat' dir='ltr'>per</span> <span class='ocrx_word' id='word_1_263' title='bbox 1455 3362 1643 3429; x_wconf 85' lang='lat' dir='ltr'>eum⁷</span> <span class='ocrx_word' id='word_1_264' title='bbox 1690 3368 1756 3427; x_wconf 89' lang='lat' dir='ltr'>et</span> <span class='ocrx_word' id='word_1_265' title='bbox 1801 3362 1965 3429; x_wconf 93' lang='lat' dir='ltr'>alios</span> <span class='ocrx_word' id='word_1_266' title='bbox 2012 3362 2360 3429; x_wconf 89' lang='lat' dir='ltr'>advocatos</span> <span class='ocrx_word' id='word_1_267' title='bbox 2409 3364 2768 3430; x_wconf 82' lang='lat' dir='ltr'>successive</span> 
     </span>
     <span class='ocr_line' id='line_1_30' title="bbox 205 3469 2768 3553; baseline -0.001 -15"><span class='ocrx_word' id='word_1_268' title='bbox 205 3473 580 3539; x_wconf 89' lang='lat' dir='ltr'>huiusmodi</span> <span class='ocrx_word' id='word_1_269' title='bbox 627 3474 850 3538; x_wconf 89' lang='lat' dir='ltr'>ordine</span> <span class='ocrx_word' id='word_1_270' title='bbox 898 3469 1318 3538; x_wconf 80' lang='lat' dir='ltr'>observando,</span> <span class='ocrx_word' id='word_1_271' title='bbox 1401 3469 1813 3535; x_wconf 86' lang='lat' dir='ltr'>Electiouum</span> <span class='ocrx_word' id='word_1_272' title='bbox 1867 3474 2087 3536; x_wconf 91' lang='lat' dir='ltr'>autem</span> <span class='ocrx_word' id='word_1_273' title='bbox 2141 3475 2206 3535; x_wconf 89' lang='lat' dir='ltr'>et</span> <span class='ocrx_word' id='word_1_274' title='bbox 2258 3470 2768 3553; x_wconf 85' lang='lat' dir='ltr'>postulationum</span> 
     </span>
     <span class='ocr_line' id='line_1_31' title="bbox 206 3576 2768 3660; baseline -0.002 -15"><span class='ocrx_word' id='word_1_275' title='bbox 206 3582 276 3645; x_wconf 90' lang='lat' dir='ltr'>in</span> <span class='ocrx_word' id='word_1_276' title='bbox 335 3580 680 3645; x_wconf 88' lang='lat' dir='ltr'>concordia</span> <span class='ocrx_word' id='word_1_277' title='bbox 697 3582 723 3619; x_wconf 79' lang='lat'>⁸</span> <span class='ocrx_word' id='word_1_278' title='bbox 786 3581 999 3645; x_wconf 89' lang='lat' dir='ltr'>causis</span> <span class='ocrx_word' id='word_1_279' title='bbox 1064 3578 1417 3644; x_wconf 89' lang='lat' dir='ltr'>secundum</span> <span class='ocrx_word' id='word_1_280' title='bbox 1480 3576 1869 3660; x_wconf 90' lang='lat' dir='ltr'>premissum</span> <span class='ocrx_word' id='word_1_281' title='bbox 1934 3576 2224 3643; x_wconf 87' lang='lat' dir='ltr'>ordinem</span> <span class='ocrx_word' id='word_1_282' title='bbox 2286 3576 2636 3660; x_wconf 91' lang='lat' dir='ltr'>propositis</span> <span class='ocrx_word' id='word_1_283' title='bbox 2702 3583 2768 3643; x_wconf 89' lang='lat' dir='ltr'>et</span> 
     </span>
     <span class='ocr_line' id='line_1_32' title="bbox 209 3683 2767 3772; baseline -0.002 -20"><span class='ocrx_word' id='word_1_284' title='bbox 209 3687 453 3753; x_wconf 90' lang='lat' dir='ltr'>auditis</span> <span class='ocrx_word' id='word_1_285' title='bbox 509 3692 660 3772; x_wconf 92' lang='lat' dir='ltr'>post</span> <span class='ocrx_word' id='word_1_286' title='bbox 704 3709 815 3752; x_wconf 89' lang='lat' dir='ltr'>eas</span> <span class='ocrx_word' id='word_1_287' title='bbox 865 3687 1251 3753; x_wconf 88' lang='lat' dir='ltr'>electionum</span> <span class='ocrx_word' id='word_1_288' title='bbox 1297 3691 1363 3750; x_wconf 91' lang='lat' dir='ltr'>et</span> <span class='ocrx_word' id='word_1_289' title='bbox 1404 3683 1916 3768; x_wconf 87' lang='lat' dir='ltr'>postulationum</span> <span class='ocrx_word' id='word_1_290' title='bbox 1961 3683 2283 3750; x_wconf 87' lang='lat' dir='ltr'>factarum</span> <span class='ocrx_word' id='word_1_291' title='bbox 2326 3683 2397 3749; x_wconf 92' lang='lat' dir='ltr'>iu</span> <span class='ocrx_word' id='word_1_292' title='bbox 2443 3683 2767 3749; x_wconf 89' lang='lat' dir='ltr'>discordia</span> 
     </span>
    </p>
   </div>
   <div class='ocr_carea' id='block_1_3' title="bbox 209 3950 2770 4647">
    <p class='ocr_par' dir='ltr' id='par_1_3' title="bbox 209 3950 2770 4647">
     <span class='ocr_line' id='line_1_33' title="bbox 395 3950 2764 4026; baseline -0 -19"><span class='ocrx_word' id='word_1_293' title='bbox 395 3956 410 3986; x_wconf 93' lang='lat'><strong>¹</strong></span> <span class='ocrx_word' id='word_1_294' title='bbox 457 3955 543 4007; x_wconf 90' lang='lat' dir='ltr'>Im</span> <span class='ocrx_word' id='word_1_295' title='bbox 579 3956 724 4010; x_wconf 85' lang='lat' dir='ltr'>Text</span> <span class='ocrx_word' id='word_1_296' title='bbox 756 3973 931 4024; x_wconf 87' lang='lat' dir='ltr'>urspr.</span> <span class='ocrx_word' id='word_1_297' title='bbox 969 3957 1305 4026; x_wconf 87' lang='lat' dir='ltr'>corrigerint.</span> <span class='ocrx_word' id='word_1_298' title='bbox 1377 3956 1460 4008; x_wconf 89' lang='lat' dir='ltr'>int</span> <span class='ocrx_word' id='word_1_299' title='bbox 1496 3953 1944 4023; x_wconf 86' lang='lat' dir='ltr'>unterpuuktiert</span> <span class='ocrx_word' id='word_1_300' title='bbox 1980 3952 2094 4006; x_wconf 90' lang='lat' dir='ltr'>und</span> <span class='ocrx_word' id='word_1_301' title='bbox 2140 3956 2228 4007; x_wconf 90' lang='lat' dir='ltr'>rot</span> <span class='ocrx_word' id='word_1_302' title='bbox 2264 3950 2764 4023; x_wconf 86' lang='lat' dir='ltr'>durchgestrichen.</span> 
     </span>
     <span class='ocr_line' id='line_1_34' title="bbox 211 4041 2770 4112; baseline 0 -16"><span class='ocrx_word' id='word_1_303' title='bbox 211 4045 233 4075; x_wconf 73' lang='lat'><strong>²</strong></span> <span class='ocrx_word' id='word_1_304' title='bbox 270 4044 430 4098; x_wconf 87' lang='lat' dir='ltr'>Dazu</span> <span class='ocrx_word' id='word_1_305' title='bbox 468 4062 558 4098; x_wconf 90' lang='lat' dir='ltr'>am</span> <span class='ocrx_word' id='word_1_306' title='bbox 583 4045 779 4099; x_wconf 83' lang='lat' dir='ltr'>Raude</span> <span class='ocrx_word' id='word_1_307' title='bbox 818 4061 926 4100; x_wconf 91' lang='lat' dir='ltr'>von</span> <span class='ocrx_word' id='word_1_308' title='bbox 962 4044 1196 4098; x_wconf 88' lang='lat' dir='ltr'>anderer</span> <span class='ocrx_word' id='word_1_309' title='bbox 1220 4043 1413 4098; x_wconf 87' lang='lat' dir='ltr'>Hand:</span> <span class='ocrx_word' id='word_1_310' title='bbox 1453 4043 1599 4112; x_wconf 91' lang='lat' dir='ltr'>quod</span> <span class='ocrx_word' id='word_1_311' title='bbox 1626 4043 1959 4112; x_wconf 89' lang='lat' dir='ltr'>principales</span> <span class='ocrx_word' id='word_1_312' title='bbox 1982 4043 2195 4111; x_wconf 87' lang='lat' dir='ltr'>possint</span> <span class='ocrx_word' id='word_1_313' title='bbox 2219 4041 2287 4094; x_wconf 91' lang='lat' dir='ltr'>de</span> <span class='ocrx_word' id='word_1_314' title='bbox 2312 4041 2535 4095; x_wconf 87' lang='lat' dir='ltr'>licentia</span> <span class='ocrx_word' id='word_1_315' title='bbox 2568 4044 2770 4096; x_wconf 89' lang='lat' dir='ltr'>summi</span> 
     </span>
     <span class='ocr_line' id='line_1_35' title="bbox 209 4129 2769 4203; baseline 0 -18"><span class='ocrx_word' id='word_1_316' title='bbox 209 4130 487 4201; x_wconf 88' lang='lat' dir='ltr'>pontificis</span> <span class='ocrx_word' id='word_1_317' title='bbox 523 4149 829 4203; x_wconf 86' lang='lat' dir='ltr'>proponere</span> <span class='ocrx_word' id='word_1_318' title='bbox 865 4150 966 4201; x_wconf 89' lang='lat' dir='ltr'>per</span> <span class='ocrx_word' id='word_1_319' title='bbox 1001 4150 1060 4187; x_wconf 89' lang='lat' dir='ltr'>se</span> <span class='ocrx_word' id='word_1_320' title='bbox 1104 4134 1268 4202; x_wconf 66' lang='lat' dir='ltr'>ipsos</span> <span class='ocrx_word' id='word_1_321' title='bbox 1431 4130 1453 4162; x_wconf 77' lang='lat'>³</span> <span class='ocrx_word' id='word_1_322' title='bbox 1488 4149 1588 4185; x_wconf 90' lang='lat' dir='ltr'>aus</span> <span class='ocrx_word' id='word_1_323' title='bbox 1624 4133 1645 4184; x_wconf 90' lang='lat' dir='ltr'>i</span> <span class='ocrx_word' id='word_1_324' title='bbox 1681 4131 1989 4201; x_wconf 83' lang='lat' dir='ltr'>korrigiert.</span> <span class='ocrx_word' id='word_1_325' title='bbox 2143 4129 2165 4160; x_wconf 83' lang='grc'>4</span> <span class='ocrx_word' id='word_1_326' title='bbox 2202 4129 2409 4184; x_wconf 86' lang='lat' dir='ltr'>Hierzu</span> <span class='ocrx_word' id='word_1_327' title='bbox 2446 4147 2536 4183; x_wconf 88' lang='lat' dir='ltr'>am</span> <span class='ocrx_word' id='word_1_328' title='bbox 2572 4130 2769 4185; x_wconf 83' lang='lat' dir='ltr'>Raude</span> 
     </span>
     <span class='ocr_line' id='line_1_36' title="bbox 220 4218 2766 4291; baseline 0 -17"><span class='ocrx_word' id='word_1_329' title='bbox 220 4221 401 4275; x_wconf 89' lang='lat' dir='ltr'>rechts</span> <span class='ocrx_word' id='word_1_330' title='bbox 438 4239 549 4275; x_wconf 88' lang='lat' dir='ltr'>von</span> <span class='ocrx_word' id='word_1_331' title='bbox 585 4222 821 4277; x_wconf 90' lang='lat' dir='ltr'>anderer</span> <span class='ocrx_word' id='word_1_332' title='bbox 857 4220 1047 4276; x_wconf 83' lang='lat' dir='ltr'>Hand:</span> <span class='ocrx_word' id='word_1_333' title='bbox 1099 4222 1233 4275; x_wconf 90' lang='lat' dir='ltr'>ordo</span> <span class='ocrx_word' id='word_1_334' title='bbox 1268 4220 1661 4291; x_wconf 90' lang='lat' dir='ltr'>proponendus</span> <span class='ocrx_word' id='word_1_335' title='bbox 1694 4222 1753 4273; x_wconf 91' lang='lat' dir='ltr'>iu</span> <span class='ocrx_word' id='word_1_336' title='bbox 1784 4218 2250 4289; x_wconf 88' lang='lat' dir='ltr'>propositionibus</span> <span class='ocrx_word' id='word_1_337' title='bbox 2284 4218 2766 4274; x_wconf 85' lang='lat' dir='ltr'>consistorialibus.</span> 
     </span>
     <span class='ocr_line' id='line_1_37' title="bbox 213 4306 2768 4380; baseline 0 -18"><span class='ocrx_word' id='word_1_338' title='bbox 213 4309 235 4339; x_wconf 85' lang='lat'>⁵</span> <span class='ocrx_word' id='word_1_339' title='bbox 271 4316 584 4380; x_wconf 84' lang='lat' dir='ltr'>proponant</span> <span class='ocrx_word' id='word_1_340' title='bbox 611 4343 674 4350; x_wconf 91' lang='lat'>—-</span> <span class='ocrx_word' id='word_1_341' title='bbox 700 4312 1005 4366; x_wconf 85' lang='lat' dir='ltr'>successive</span> <span class='ocrx_word' id='word_1_342' title='bbox 1043 4306 1451 4365; x_wconf 88' lang='lat' dir='ltr'>eiuschliesslich</span> <span class='ocrx_word' id='word_1_343' title='bbox 1487 4311 1588 4362; x_wconf 89' lang='lat' dir='ltr'>mit</span> <span class='ocrx_word' id='word_1_344' title='bbox 1624 4308 1897 4363; x_wconf 88' lang='lat' dir='ltr'>blasserer</span> <span class='ocrx_word' id='word_1_345' title='bbox 1931 4308 2097 4362; x_wconf 88' lang='lat' dir='ltr'>Tinte</span> <span class='ocrx_word' id='word_1_346' title='bbox 2135 4325 2244 4363; x_wconf 90' lang='lat' dir='ltr'>von</span> <span class='ocrx_word' id='word_1_347' title='bbox 2280 4307 2612 4363; x_wconf 88' lang='lat' dir='ltr'>vermutlich</span> <span class='ocrx_word' id='word_1_348' title='bbox 2648 4308 2768 4363; x_wconf 92' lang='lat' dir='ltr'>der-</span> 
     </span>
     <span class='ocr_line' id='line_1_38' title="bbox 212 4396 2767 4470; baseline 0 -19"><span class='ocrx_word' id='word_1_349' title='bbox 212 4397 405 4454; x_wconf 88' lang='lat' dir='ltr'>selben</span> <span class='ocrx_word' id='word_1_350' title='bbox 451 4400 620 4454; x_wconf 88' lang='lat' dir='ltr'>Hand</span> <span class='ocrx_word' id='word_1_351' title='bbox 666 4418 757 4455; x_wconf 90' lang='lat' dir='ltr'>am</span> <span class='ocrx_word' id='word_1_352' title='bbox 804 4405 1038 4454; x_wconf 87' lang='lat' dir='ltr'>unteren</span> <span class='ocrx_word' id='word_1_353' title='bbox 1081 4400 1276 4454; x_wconf 89' lang='lat' dir='ltr'>Raude</span> <span class='ocrx_word' id='word_1_354' title='bbox 1322 4397 1749 4470; x_wconf 86' lang='lat' dir='ltr'>uachgetragen.</span> <span class='ocrx_word' id='word_1_355' title='bbox 1823 4396 2099 4452; x_wconf 85' lang='lat' dir='ltr'>Daneben</span> <span class='ocrx_word' id='word_1_356' title='bbox 2135 4396 2767 4468; x_wconf 87' lang='lat' dir='ltr'>Verweisungszeieheu.</span> 
     </span>
     <span class='ocr_line' id='line_1_39' title="bbox 214 4485 2769 4558; baseline 0 -18"><span class='ocrx_word' id='word_1_357' title='bbox 214 4487 238 4518; x_wconf 75' lang='lat'>⁶</span> <span class='ocrx_word' id='word_1_358' title='bbox 280 4486 514 4542; x_wconf 88' lang='lat' dir='ltr'>Hdschr.</span> <span class='ocrx_word' id='word_1_359' title='bbox 551 4491 613 4542; x_wconf 88' lang='lat' dir='ltr'>si.</span> <span class='ocrx_word' id='word_1_360' title='bbox 780 4489 800 4521; x_wconf 86' lang='lat'>⁷</span> <span class='ocrx_word' id='word_1_361' title='bbox 838 4507 931 4544; x_wconf 91' lang='lat' dir='ltr'>eos</span> <span class='ocrx_word' id='word_1_362' title='bbox 975 4492 1052 4543; x_wconf 90' lang='lat' dir='ltr'>im</span> <span class='ocrx_word' id='word_1_363' title='bbox 1098 4489 1242 4543; x_wconf 84' lang='lat' dir='ltr'>Text</span> <span class='ocrx_word' id='word_1_364' title='bbox 1286 4493 1372 4541; x_wconf 91' lang='lat' dir='ltr'>rot</span> <span class='ocrx_word' id='word_1_365' title='bbox 1418 4486 1919 4558; x_wconf 87' lang='lat' dir='ltr'>durchgestrichen.</span> <span class='ocrx_word' id='word_1_366' title='bbox 2002 4485 2113 4540; x_wconf 91' lang='lat' dir='ltr'>Am</span> <span class='ocrx_word' id='word_1_367' title='bbox 2158 4486 2356 4541; x_wconf 83' lang='lat' dir='ltr'>Raude</span> <span class='ocrx_word' id='word_1_368' title='bbox 2399 4485 2574 4554; x_wconf 87' lang='lat' dir='ltr'>links,</span> <span class='ocrx_word' id='word_1_369' title='bbox 2621 4486 2769 4541; x_wconf 86' lang='lat' dir='ltr'>wohl</span> 
     </span>
     <span class='ocr_line' id='line_1_40' title="bbox 213 4574 2766 4647; baseline -0.001 -16"><span class='ocrx_word' id='word_1_370' title='bbox 213 4593 325 4631; x_wconf 89' lang='lat' dir='ltr'>vou</span> <span class='ocrx_word' id='word_1_371' title='bbox 370 4578 469 4631; x_wconf 90' lang='lat' dir='ltr'>der</span> <span class='ocrx_word' id='word_1_372' title='bbox 503 4577 672 4632; x_wconf 89' lang='lat' dir='ltr'>Hand</span> <span class='ocrx_word' id='word_1_373' title='bbox 711 4578 807 4633; x_wconf 87' lang='lat' dir='ltr'>des</span> <span class='ocrx_word' id='word_1_374' title='bbox 844 4577 1160 4635; x_wconf 86' lang='lat' dir='ltr'>Schreibers</span> <span class='ocrx_word' id='word_1_375' title='bbox 1197 4578 1293 4633; x_wconf 86' lang='lat' dir='ltr'>des</span> <span class='ocrx_word' id='word_1_376' title='bbox 1331 4575 1542 4634; x_wconf 81' lang='lat' dir='ltr'>Codex:</span> <span class='ocrx_word' id='word_1_377' title='bbox 1570 4593 1725 4647; x_wconf 20' lang='lat' dir='ltr'>Deum.</span> <span class='ocrx_word' id='word_1_378' title='bbox 1873 4577 1894 4609; x_wconf 79' lang='lat'><strong>⁸</strong></span> <span class='ocrx_word' id='word_1_379' title='bbox 1930 4575 2166 4630; x_wconf 86' lang='lat' dir='ltr'>Hdschr.</span> <span class='ocrx_word' id='word_1_380' title='bbox 2204 4575 2542 4631; x_wconf 87' lang='lat' dir='ltr'>undeutlich.</span> <span class='ocrx_word' id='word_1_381' title='bbox 2616 4574 2766 4630; x_wconf 91' lang='lat' dir='ltr'>Viel-</span> 
     </span>
    </p>
   </div>
   <div class='ocr_carea' id='block_1_4' title="bbox 214 4667 784 4726">
    <p class='ocr_par' dir='ltr' id='par_1_4' title="bbox 214 4667 784 4726">
     <span class='ocr_line' id='line_1_41' title="bbox 214 4667 784 4726; baseline 0.007 -4"><span class='ocrx_word' id='word_1_382' title='bbox 214 4667 381 4726; x_wconf 88' lang='lat' dir='ltr'>leicht</span> <span class='ocrx_word' id='word_1_383' title='bbox 416 4668 784 4726; x_wconf 85' lang='lat' dir='ltr'>concordium.</span> 
     </span>
    </p>
   </div>
   <div class='ocr_carea' id='block_1_5' title="bbox 2823 1456 3120 1513">
    <p class='ocr_par' dir='ltr' id='par_1_5' title="bbox 2823 1456 3120 1513">
     <span class='ocr_line' id='line_1_42' title="bbox 2823 1456 3120 1513; baseline -0.003 -1"><span class='ocrx_word' id='word_1_384' title='bbox 2823 1457 2942 1513; x_wconf 74' lang='lat' dir='ltr'>Pol.</span> <span class='ocrx_word' id='word_1_385' title='bbox 2969 1462 3067 1513; x_wconf 81' lang='lat'>103</span> <span class='ocrx_word' id='word_1_386' title='bbox 3079 1456 3120 1511; x_wconf 56' lang='grc' dir='ltr'>δ.</span> 
     </span>
    </p>
   </div>
  </div>
 </body>
</html>
