3242 5184
1204 321 1294 328 —
1385 282 1693 349 221.—

168 459 597 524 terminorum
662 458 728 521 in
811 459 1023 540 prima
1099 458 1452 539 instancia,
1536 457 1689 521 dum
1754 457 1987 521 citacio
2051 456 2131 521 de
2212 457 2509 540 partibus
2595 479 2740 522 cum

171 565 563 630 execucione
627 565 830 648 ipsius
893 570 1345 648 representata
1409 565 1635 629 existit
1695 563 1892 628 verbo
1957 564 2059 627 vel
2111 562 2332 646 facto,'
2371 564 2543 648 quod
2589 565 2743 630 licet

171 693 320 736 eam
358 672 778 755 prosequenti
810 673 879 736 in
924 672 1399 759 contumaciam
1447 671 1631 735 citati
1668 669 1947 735 forsitan
1990 691 2120 736 non
2168 673 2626 755 comparentiS,
2677 679 2743 736 et

169 779 586 843 contumacia
642 779 825 843 citati
881 785 1190 844 accusata
1235 799 1352 863 per
1395 776 1821 861 principalem
1869 799 1984 842 seu
2040 778 2178 842 eius
2232 785 2736 862 procuratorem.

168 885 357 949 Tunc
400 885 659 950 auditor
690 905 885 949 cause
933 884 1016 950 ad
1062 886 1450 950 instanciam
1497 883 1654 949 dicti
1699 885 2151 967 prosequentis
2209 906 2475 950 causam
2523 886 2740 952 decer-

170 993 273 1057 nit
319 993 705 1057 citacionem
751 1013 868 1076 per
914 992 1320 1057 audienciam
1368 990 1731 1074 predictam
1779 990 1861 1055 ad
1909 991 2251 1056 dicendum
2297 999 2524 1058 contra
2571 1014 2740 1060 com-

170 1098 576 1180 missionem,
634 1099 1016 1164 citacionem
1081 1105 1147 1164 et
1203 1100 1338 1164 eius
1396 1099 1850 1163 execucionem
1906 1095 1986 1162 de
2031 1098 2329 1180 partibus
2375 1107 2742 1184 reportatas

171 1206 256 1270 ad
313 1203 594 1289 primum
650 1205 840 1271 diem.
935 1205 1189 1270 Deinde
1245 1211 1552 1269 accusata
1609 1205 2017 1270 contumacia
2064 1207 2246 1270 citati
2293 1228 2419 1271 non
2468 1208 2741 1273 dicentis

170 1318 401 1377 contra
437 1311 806 1378 huiusmodi
843 1312 1381 1393 commissionem,
1416 1311 1799 1376 citacionem
1838 1318 1904 1376 et
1942 1315 2413 1394 execucionem‚
2456 1314 2744 1381 decernit

170 1419 433 1485 auditor
489 1420 870 1484 citacionem
928 1441 1045 1502 per
1100 1418 1508 1484 audienciam
1564 1418 2114 1484 contradictarum
2178 1420 2261 1485 ad
2320 1420 2739 1487 libellandum

177 1526 275 1590 ad.
308 1525 497 1591 VIII.
548 1526 719 1592 diem
768 1532 834 1592 et
878 1526 1177 1591 similiter
1225 1526 1587 1590 successive
1635 1525 1701 1589 in
1749 1527 2221 1591 contumaciam
2268 1528 2350 1593 ad
2399 1530 2742 1594 iurandum

174 1631 255 1696 de
304 1632 674 1715 calumpnia
720 1633 803 1698 ad
840 1632 1027 1698 VIII.
1078 1632 1269 1714 diem,
1320 1632 1551 1698 deinde
1599 1631 1684 1696 ad
1722 1632 2199 1697 articulandum
2238 1634 2320 1698 ad
2358 1635 2508 1701 XX.
2551 1636 2740 1718 diem,

174 1738 258 1803 ad
308 1738 653 1804 dicendum
700 1744 926 1804 contra
973 1740 1281 1805 articulos
1331 1740 1413 1804 ad
1461 1738 1647 1803 VIII.
1699 1738 1898 1820 diem,
1948 1740 2031 1805 ad
2077 1740 2563 1824 producendum
2610 1766 2741 1807 om-

172 1847 285 1909 nia
341 1846 423 1910 ad
471 1843 657 1910 VIII.
718 1844 908 1928 diem,
976 1846 1059 1910 ad
1117 1847 1460 1912 dicendum
1516 1853 1744 1911 contra
1801 1846 2119 1929 producta
2174 1848 2256 1913 ad
2305 1848 2503 1914 VIII..
2550 1850 2741 1932 diem,

175 1952 411 2017 deinde
459 1953 542 2018 ad
582 1952 1041 2018 declarandum
1088 1953 1172 2018 ad
1202 1953 1389 2018 VIII.
1442 1952 1632 2035 diem,
1683 1955 1738 2018 si
1774 1960 1993 2038 partes
2034 1940 2366 2020 declaraise
2404 1957 2741 2040 voluerint,

176 2060 290 2124 sed
353 2060 424 2123 in
488 2060 962 2125 contumaciam
1027 2081 1283 2144 semper
1342 2082 1494 2144 pars
1552 2059 1790 2125 absens
1847 2061 2081 2126 citetur
2128 2062 2212 2126 ad
2260 2062 2741 2147 declarandum,

174 2166 328 2231 licet
391 2172 572 2231 actor
629 2166 959 2232 declarare
1014 2188 1144 2232 non
1200 2172 1399 2232 curet.
1501 2167 1592 2231 Et
1661 2168 1716 2231 si
1781 2174 1963 2232 actor
2025 2167 2313 2234 declaret
2376 2170 2745 2252 specialiter

176 2273 279 2337 vel
332 2273 740 2356 generaliter,
799 2275 1033 2339 citetur
1086 2295 1239 2358 pars
1297 2279 1646 2339 contumax
1702 2273 1783 2338 ad
1842 2273 2182 2339 dicendum
2242 2283 2489 2341 contra»
2521 2267 2742 2342 huiu's-

178 2379 352 2443 modi
409 2379 889 2445 declaraciones
945 2380 1029 2444 ad
1077 2379 1262 2445 VIII.
1324 2380 1513 2445 diem.
1607 2380 1698 2444 Et
1752 2381 1845 2444 sic
1899 2381 2270 2464 proceditur
2314 2405 2430 2465 per
2476 2384 2739 2450 audien-

179 2489 347 2550 ciam
384 2487 955 2569 contradictarum,
996 2493 1080 2569 et,
1120 2494 1194 2553 ut
1231 2509 1445 2571 supra,
1486 2486 1860 2569 proceditur
1905 2488 1971 2550 in
2016 2489 2228 2570 prima
2274 2491 2594 2556 instancia
2624 2514 2741 2576 per

179 2594 470 2676 parcium
527 2595 950 2676 presenciam,
1007 2595 1134 2658 nisi
1190 2594 1367 2658 aliud
1424 2596 1563 2677 ipse
1610 2601 1830 2677 partes
1879 2601 2101 2658 mutuo
2135 2596 2388 2686 ,vellent
2433 2605 2548 2662 aut
2592 2621 2740 2662 con-

183 2700 518 2765 cederetur
562 2722 681 2784 per
724 2722 982 2784 papam.
1078 2700 1329 2782 Quibus
1390 2702 1484 2765 sic
1528 2701 1719 2766 factis
1769 2707 1834 2766 et
1879 2703 2173 2766 terminis
2222 2706 2491 2768 servatis
2539 2713 2744 2771 restat

184 2806 547 2889 videndum,
597 2806 753 2889 quid
801 2807 973 2872 circa
1020 2806 1481 2873 admissionem
1528 2809 1946 2872 articulorum
1994 2810 2080 2873 sit
2125 2810 2509 2876 faciendum.

451 3054 560 3120 De
608 3055 1079 3121 admissione
1126 3057 1655 3123 articulorum.

358 3198 531 3262 Dum
607 3200 778 3264 enim
850 3220 1002 3282 pars
1059 3198 1310 3263 dederit
1382 3200 1690 3265 articulos
1748 3202 2143 3284 pertinentes
2203 3209 2269 3268 et
2315 3203 2394 3268 de
2440 3205 2579 3269 iure
2627 3229 2742 3270 suo

182 3304 637 3371 concludentes
693 3307 761 3369 in
815 3305 1121 3389 predictis
1179 3307 1471 3371 terminis
1528 3308 1662 3372 sive
1708 3309 1775 3371 in
1833 3310 2110 3374 termino
2167 3309 2319 3377 dato
2376 3311 2457 3375 ad
2506 3313 2741 3376 articu-

178 3411 439 3476 landum
487 3419 636 3495 post
680 3413 894 3495 ipsum
948 3410 1295 3477 terminum
1348 3414 1451 3478 vel
1509 3421 1662 3479 ante
1707 3437 1824 3498 pro
1871 3416 2147 3480 testibus
2196 3416 2511 3502 affuturiS,
2561 3420 2742 3484 dum-

179 3518 364 3585 modo
411 3518 780 3585 huiusmodi
818 3519 1074 3583 articuli
1122 3518 1253 3583 sint
1297 3527 1445 3603 post
1490 3521 1591 3585 vel
1639 3528 1789 3585 ante
1836 3522 2212 3605 terminum,
2263 3525 2346 3588 ad
2394 3527 2743 3590 articulan-

179 3625 331 3690 dum
384 3625 681 3708 partibus
738 3624 961 3690 datum
1013 3626 1081 3689 in
1138 3625 1361 3691 eodem
1409 3629 1704 3710 termino,
1755 3628 1837 3692 ad
1886 3630 2361 3695 articulandum
2410 3633 2583 3697 dati1
2632 3640 2746 3697 aut

179 3738 554 3816 repetantur
601 3738 717 3797 aut
761 3732 956 3798 verbo
1014 3732 1093 3797 de
1149 3755 1312 3798 novo
1371 3733 1622 3817 dentur,
1684 3742 1751 3799 et
1795 3737 2130 3819 potissime
2175 3760 2294 3821 per
2338 3740 2743 3805 audienciam

182 3840 724 3904 contradictarum
767 3861 912 3904 cum
944 3839 1333 3922 proceditur,
1383 3862 1639 3926 semper
1685 3849 1837 3907 sunt
1883 3844 2267 3909 admittendi
2322 3868 2452 3930 per.
2495 3846 2743 3911 audito-

185 3966 320 4008 rem
353 3966 545 4011 cause
578 3948 717 4012 sine
751 3946 1155 4028 difficultate,
1190 3948 1367 4013 salvo
1413 3949 1553 4014 iure
1598 3949 2162 4032 impertinencium
2209 3952 2293 4016 ad
2338 3953 2745 4036 probandum

182 4051 247 4116 in
280 4051 461 4116 curia
490 4053 653 4136 ipsa,
701 4054 910 4137 primo
948 4054 1004 4117 si
1050 4054 1211 4118 talia
1255 4055 1400 4120 iura
1444 4057 1652 4138 partis
1701 4057 2005 4139 existant,
2056 4065 2221 4140 que2
2267 4081 2385 4143 per
2429 4066 2629 4125 testes
2677 4061 2744 4124 in

182 4159 361 4223 curia
414 4159 560 4242 ipsa
615 4162 965 4226 existentes
1024 4160 1195 4226 clare
1250 4161 1514 4245 probari
1569 4165 1850 4247 possint:
1921 4164 2209 4249 alioquin
2265 4174 2448 4232 extra
2504 4166 2745 4231 dictam

189 4266 431 4330 curiam
471 4266 924 4332 admittantur.
993 4267 1190 4333 Secus
1228 4268 1296 4332 in
1335 4270 1626 4335 articulis
1666 4270 1959 4354 obiectiS,
1999 4271 2112 4336 ubi
2151 4273 2448 4339 dominus
2488 4274 2747 4339 auditor

183 4372 523 4455 diligenter
560 4373 897 4440 advertere
936 4374 1148 4443 debet.
1199 4375 1372 4459 quod
1409 4376 1675 4442 realiter
1711 4379 1779 4441 in
1817 4380 2089 4444 termino
2138 4379 2221 4444 ad
2268 4380 2745 4446 articulandum

361 4587 377 4617 ¹
419 4585 576 4669 Nach
624 4587 741 4641 dati
786 4588 858 4640 ist
893 4588 963 4641 ad
1003 4588 1175 4642 durch
1212 4589 1667 4645 Unterstreichen
1709 4591 1924 4663 getilgt.
2142 4594 2165 4626 ²
2201 4594 2357 4650 Nach
2395 4613 2503 4665 que
2541 4597 2614 4650 ist
2649 4603 2748 4651 aut

185 4675 354 4728 durch
392 4674 845 4730 Unterstreichen
880 4677 1095 4746 getilgt.
1173 4678 1289 4733 Vor
1325 4695 1433 4748 que
1470 4681 1542 4733 ist
1576 4698 1678 4749 per
1714 4681 2216 4750 durchgestrichen.
