3242 5184
176 1381 292 1434 Fol.
335 1385 401 1434 95
413 1389 451 1433 ³.

1517 239 2006 300 -182—

666 417 768 482 De
805 417 1040 481 unione
1073 421 1290 480 autem
1333 416 1753 480 ecclesiarum
1783 435 1990 496 usque
2037 413 2120 478 ad
2168 414 2394 496 viginti
2426 412 2832 477 Turonenses
2883 412 3046 476 reci-

489 546 642 608 pere
688 524 949 588 valeant
995 530 1060 588 et
1104 545 1232 587 non
1278 522 1468 587 ultra.

669 630 857 713 Quod
888 631 1228 714 episcopus
1260 630 1361 694 vel
1392 629 1597 694 abbas
1636 628 1982 693 inducatur
2026 630 2092 692 in
2124 628 2599 711 possessionem
2631 629 3050 711 episcopatus

490 739 589 804 vel
634 737 1007 821 monasterij
1057 759 1203 802 cum
1244 737 1535 801 clausula
1582 735 1976 817 „Invocato“
2022 735 2122 800 vel
2167 736 2326 816 sine,
2372 734 2545 799 ultra
2576 735 2801 817 viginti
2840 733 3049 798 Turo-

489 866 721 909 nenses
767 845 1053 928 recipere
1099 866 1228 908 non
1276 849 1670 927 presumant.

667 950 767 1015 De
816 948 1050 1015 dando*
1087 950 1563 1016 coadiutorem1
1612 952 1915 1034 episcopo
1970 950 2071 1013 vel
2127 948 2235 1032 alij
2295 947 2545 1032 prelato
2591 947 2764 1012 ultra
2817 948 3050 1029 viginti

491 1059 897 1123 Turonenses
942 1080 1072 1122 non
1115 1058 1450 1141 recipiant.

667 1164 768 1230 De
799 1165 1167 1250 recipiendo
1197 1165 1698 1246 resignationem
1731 1170 1797 1230 et
1827 1163 2212 1228 conferendo
2245 1162 2561 1228 beneficia
2588 1162 2929 1245 resignata
2957 1161 3049 1225 in-

493 1272 683 1337 simul
730 1274 956 1355 viginti
1002 1272 1410 1338 Turonenses
1456 1270 1698 1336 habere
1745 1271 2006 1335 valeant
2051 1276 2117 1335 et
2161 1293 2289 1334 non
2336 1270 2526 1334 ultra.

673 1378 851 1463 ssDe2
882 1380 1178 1463 paciente
1212 1377 1534 1443 defectum
1566 1376 1901 1458 natalium,
1924 1377 2099 1460 quod
2130 1377 2279 1459 eligi
2311 1377 2520 1460 possit
2549 1378 2618 1440 in
2650 1376 3047 1459 episcopum,

491 1486 800 1551 abbatem
832 1487 930 1551 vel
970 1486 1392 1566 abbatissam,
1429 1485 1728 1549 similiter
1758 1484 1985 1566 viginti
2006 1483 2417 1550 Turonenses
2451 1484 2737 1567 recipere
2768 1485 3046 1566 possint.

664 1593 769 1658 De
826 1592 1116 1659 subsidio
1176 1591 1510 1657 moderato
1567 1614 1713 1679 cum
1771 1592 2144 1657 executoria
2207 1590 2307 1655 vel
2364 1592 2504 1655 sine
2557 1589 2786 1673 viginti
2846 1589 3048 1654 Turo-

493 1721 724 1765 nenses
772 1700 1131 1764 dumtaxat.

669 1806 770 1872 De
814 1817 1037 1872 mutuo
1084 1805 1524 1872 contrahendo
1572 1805 1854 1871 sedecim
1898 1805 2308 1870 Turonenses
2357 1810 2422 1870 et
2468 1827 2596 1870 non
2642 1804 2837 1869 ultra.

668 1914 769 1979 De
817 1913 1187 1980 executoria
1233 1934 1429 1996 super
1472 1918 1701 1979 mutuo
1749 1912 2188 1979 contrahendo
2235 1913 2464 1995 viginti
2511 1911 2950 1976 TuronenseS.

669 2020 770 2086 De
815 2021 1022 2086 forma
1069 2021 1390 2086 communi
1437 2042 1797 2104 pauperum
1847 2020 2008 2088 duos
2055 2020 2464 2084 Turonenses
2512 2018 2876 2084 dumtaxat.

669 2128 757 2193 Et
812 2128 891 2192 de
945 2126 1309 2193 mutatione
1364 2128 1782 2192 collationum
1839 2126 2158 2193 dictorum
2204 2147 2562 2210 pauperum
2611 2125 2712 2191 vel
2757 2124 3045 2190 iudicum

491 2256 635 2299 cum
683 2236 1057 2301 narratione
1105 2240 1402 2319 quatuor.
1430 2234 1842 2314 Turonenses
1890 2241 1955 2298 et
1999 2256 2127 2299 non
2175 2234 2366 2299 ultra.

670 2341 1059 2425 Prescriptis
1107 2347 1327 2407 autem
1373 2341 1815 2407 taxationibus
1864 2340 2350 2407 abbreviatores
2398 2346 2859 2406 contententur
2905 2361 3045 2422 pre-

490 2449 637 2530 fati,
706 2449 838 2513 sive
893 2471 1011 2532 pro
1068 2471 1199 2513 una
1256 2450 1389 2514 sive
1444 2471 1562 2532 pro
1618 2447 1916 2531 pluribus
1964 2449 2258 2532 personis
2306 2447 2477 2513 facte
2522 2447 2766 2525 fuerint
2813 2447 3043 2529 gratie.

489 2555 579 2620 Et
623 2555 743 2620 hec
790 2556 1017 2620 eadem
1063 2556 1312 2621 taxatio
1361 2556 1440 2621 de
1488 2555 1635 2639 alijs
1681 2555 1934 2637 formiS‚
1992 2557 2059 2619 in
2115 2554 2351 2638 quibus
2407 2554 2615 2620 maior
2675 2553 2867 2620 labor
2921 2575 3045 2619 non

489 2661 706 2743 fuerit,
754 2662 1150 2728 observetur.

669 2767 921 2836 sivero
952 2770 1162 2835 maior
1207 2770 1394 2835 labor
1439 2769 1637 2834 fuerit
1681 2769 1783 2833 vel
1830 2770 1897 2832 in
1943 2768 2411 2852 prenominatis
2460 2790 2575 2834 seu
2621 2768 2771 2852 alijs
2820 2768 3043 2834 formis

493 2875 790 2958 superius
863 2899 991 2942 non
1067 2878 1389 2960 expressis
1455 2876 1672 2960 alique
1741 2875 2030 2941 clausule
2097 2875 2198 2940 vel
2264 2875 2676 2941 narrationes
2742 2875 3043 2943 intricate

491 2982 733 3046 fuerint
778 2989 843 3048 et
887 2984 1314 3066 impetrantes
1360 3007 1489 3049 non
1536 2983 1788 3068 possint
1826 3005 1972 3047 cum
2020 2982 2582 3048 abbreviatoribus
2629 2982 3042 3059 concordare,

488 3095 795 3155 taxentur
858 3097 1011 3155 note
1075 3112 1191 3174 per
1245 3096 1493 3155 certum
1550 3090 2069 3156 abbreviatorem
2124 3111 2242 3173 per
2294 3089 2899 3155 vicecancellarium
2964 3088 3041 3154 ad

491 3205 739 3261 certum
773 3203 1029 3282 tempus
1063 3197 1525 3281 deputandum.
1591 3196 1658 3263 Si
1691 3208 1840 3261 vero
1872 3198 1939 3261 in
1972 3196 2284 3279 predictis
2314 3197 2539 3263 formis
2572 3195 3042 3262 abbreviatoris

491 3303 682 3386 culpa
727 3304 942 3370 littere
989 3304 1230 3373 fuerint
1273 3304 1708 3385 rescribendo,
1756 3309 1982 3387 utpote
2014 3304 2171 3387 quia
2201 3304 2493 3368 amiserit
2524 3303 2851 3369 clausulas
2899 3326 3039 3369 con-

491 3416 710 3476 suetas
743 3410 843 3476 vel
876 3412 1065 3476 datas
1098 3411 1354 3494 regulas
1403 3419 1522 3476 etc.
1557 3434 1687 3477 non
1736 3411 2106 3492 servaverit,
2157 3412 2456 3493 expensis
2504 3411 2660 3476 dicti
2707 3410 3038 3476 abbrevia-

489 3517 650 3582 toris
696 3518 913 3583 littere
959 3517 1328 3586 huiusmodi
1374 3518 1837 3584 rescribantur.
1932 3517 2100 3583 [tem
2156 3518 2328 3599 quod
2386 3516 2874 3583 abbreviatores
2920 3517 3038 3600 ipsi

490 3630 627 3689 tam
657 3624 1024 3690 litterarum
1055 3626 1312 3689 iusticie
1344 3647 1541 3708 quam
1578 3625 1857 3690 aliarum
1888 3625 1971 3690 ab
2003 3624 2505 3709 impetrantibus
2536 3647 2655 3708 pro
2684 3623 3038 3708 scriptura3

490 3732 591 3797 vel
621 3732 784 3797 alias
814 3731 1014 3797 nichil
1046 3732 1324 3816 amplius
1357 3754 1554 3816 quam
1585 3733 1957 3799 taxaciones
1990 3732 2309 3816 recipiant
2326 3732 2747 3815 subscriptas,
2799 3730 3033 3815 Quodsi

491 3839 885 3904 contrarium
932 3839 1232 3921 fecerint,
1291 3839 1556 3924 duplum
1603 3840 1946 3906 restituere
1990 3845 2337 3906 teneantur
2381 3845 2449 3905 et
2494 3839 2666 3905 ultra
2709 3839 2832 3905 hoc
2879 3839 3032 3904 eius-

491 3946 639 4011 dem
675 3946 1184 4031 vicecancellarij
1235 3946 1504 4012 arbitrio
1551 3948 1922 4030 puniantur.

756 4124 1118 4189 Rubrica.
1212 4124 1529 4190 Statuta
1576 4132 1651 4190 et
1697 4125 2233 4191 ordinationes
2284 4126 2770 4210 scriptorum.

668 4248 830 4314 Post
885 4250 1337 4315 formationem
1392 4251 1613 4332 itaque
1669 4256 1972 4314 notarum
2019 4252 2298 4334 gratiam
2346 4251 2446 4315 vel
2492 4251 2848 4315 iustitiam4
2892 4269 3023 4311 con-

491 4342 837 4421 tinentium
885 4358 1129 4440 eisque,
1178 4361 1252 4421 ut
1298 4357 1492 4422 debet
1539 4379 1615 4422 ac
1663 4357 1852 4421 decet
1880 4356 2041 4439 fieri,
2091 4359 2455 4442 preparatis
2490 4378 2884 4441 consequens
2916 4359 3021 4433 est,

679 4510 699 4543 ²
729 4517 962 4587 Hdschr.
1001 4519 1392 4574 coauditorem.
1588 4518 1608 4550 ²
1646 4506 1801 4574 Uber
1850 4519 1947 4573 der
1984 4519 2131 4574 Seite
2167 4539 2276 4575 von
2322 4520 2555 4573 andcrer
2589 4518 2781 4573 Hand:
2834 4520 3023 4572 statuta

494 4607 835 4662 cancellarie.
984 4609 1003 4637 ³
1041 4607 1275 4663 Hdschr.
1314 4610 1680 4695 proscriptum
1718 4609 1802 4678 [ej.
1948 4608 1969 4641 ⁴
2007 4608 2132 4665 Von
2170 4611 2403 4665 andercr
2435 4609 2603 4667 Hand
2640 4627 2739 4668 aus
2774 4607 3020 4666 notitiam.
