3242 5184
284 3305 397 3361 1³01.
438 3313 468 3360 9
480 3316 519 3361 ⁸.

1626 291 2052 352 *16—

564 463 853 528 tulerunt
907 464 965 528 ei
1021 485 1317 546 munera,
1376 487 1635 547 aurum,
1684 466 1836 530 thus
1884 470 1951 531 et
1995 466 2277 532 mirram.
2368 464 2458 531 Et
2500 486 2813 549 responso
2859 472 3151 551 recepto

562 569 630 633 in
675 571 982 653 sompnis,
1030 592 1112 636 ne
1157 571 1445 638 redirent
1490 571 1574 637 ad
1603 571 1951 655 Herodem,
1999 594 2119 657 per
2163 573 2359 639 aliam
2390 574 2563 640 viam
2593 574 2835 639 reversi
2868 579 3047 638 sunt
3082 574 3151 637 in

561 676 888 760 regionem
935 700 1139 743 suam.

826 945 1103 1041 Lneccio
1151 947 1404 1014 sancti
1450 946 1835 1033 evangelij
1888 947 2302 1015 secundum
2347 946 2768 1015 Marchum.

736 1106 816 1172 In
861 1107 973 1173 illo
1019 1113 1309 1193 tempore
1346 1107 1871 1174 recumbentibus
1917 1108 2219 1175 undecim
2266 1107 2600 1193 discipulis
2648 1108 2962 1193 apparuit
3005 1108 3140 1174 illis

559 1215 744 1280 Iesus
793 1220 859 1281 et
904 1214 1319 1300 exprobravit
1362 1215 1884 1283 incredulitatem
1928 1215 2191 1283 illorum
2238 1220 2305 1282 et
2336 1215 2653 1283 duriciam
2684 1215 2920 1300 cordis,
2978 1217 3142 1300 quia

558 1322 704 1406 hijs,
754 1323 867 1405 qui
911 1322 1209 1387 viderant
1254 1344 1400 1388 eum
1444 1323 1878 1388 resurrexisse
1926 1344 1967 1388 a
2010 1324 2306 1406 mortuis,
2352 1345 2484 1389 non
2530 1322 2968 1389 crediderant.
3057 1327 3140 1388 Et

561 1428 725 1493 dixit
755 1430 875 1495 eis:
927 1429 1219 1513 „Euntes
1250 1431 1317 1494 in
1349 1429 1661 1495 mundum
1707 1430 2079 1494 universum
2128 1431 2460 1514 predicate
2508 1429 2918 1514 evangelium
2953 1431 3138 1497 omni

561 1541 874 1601 creature.
969 1535 1098 1619 Qui
1144 1536 1494 1602 crediderit
1538 1542 1605 1601 et
1649 1536 2021 1620 baptizatus
2052 1537 2269 1621 fuerit,
2319 1538 2538 1603 salvus
2571 1539 2713 1603 erit.
2809 1536 2944 1620 Qui
2978 1559 3135 1604 vero

558 1665 686 1709 non
734 1643 1101 1726 crediderit,
1161 1644 1759 1728 condempnabitur.
1853 1642 2053 1727 Signa
2100 1651 2318 1711 autem
2364 1666 2495 1728 eos,
2544 1646 2657 1729 qui
2703 1644 3133 1747 crediderint,

557 1751 676 1814 hec
724 1757 1099 1833 sequentur:
1166 1755 1240 1820 In
1284 1752 1542 1817 nomine
1590 1772 1732 1815 meo
1782 1750 2079 1817 demonia
2139 1753 2401 1835 eicient,
2466 1752 2708 1835 linguis
2772 1752 3135 1835 loquentur

558 1859 771 1941 novis,
837 1864 1167 1942 serpentes
1223 1858 1471 1923 tollent.
1574 1857 1671 1922 'Et
1717 1859 1771 1921 si
1818 1858 2222 1925 mortiferum
2270 1860 2425 1943 quid
2472 1859 2789 1941 biberint,
2847 1883 2989 1925 non
3042 1862 3131 1925 eis

557 1965 834 2030 nocebit.
920 1964 1129 2049 Super
1176 1986 1361 2048 egros
1407 1986 1639 2029 manus
1686 1965 2020 2048 imponent
2065 1972 2132 2030 et
2175 1967 2340 2032 bene
2385 1966 2788 2031 habebunt“.
2868 1966 2967 2031 Et
3020 1967 3128 2032 do-

558 2073 769 2136 minus
831 2071 1093 2154 quidem
1148 2071 1361 2152 IesuS,
1428 2078 1776 2154 postquam
1825 2072 2079 2137 locutus
2128 2080 2227 2138 est
2282 2075 2403 2156 eis,
2467 2078 2839 2156 assumptus
2893 2080 3008 2139 est
3065 2075 3127 2137 in
3213 2102 3214 2191 1

558 2179 767 2243 celum
813 2185 879 2243 et
925 2179 1107 2243 sedet
1152 2200 1192 2243 a
1239 2178 1483 2242 dextris
1531 2179 1652 2243 dei.
1729 2178 1839 2243 Illi
1886 2185 2102 2244 autem
2132 2179 2407 2263 profecti
2438 2180 2949 2264 predicaverunt
2984 2180 3127 2243 ubi·-
3213 2196 3214 2207 ³

557 2306 682 2367 que
730 2285 989 2350 domino
1036 2291 1423 2368 cooperante
1458 2291 1522 2349 et
1554 2307 1916 2351 sermonem
1963 2285 2385 2353 confirmante
2410 2285 2844 2369 ‚sequentibus
2893 2287 3123 2371 signis,

820 2552 1088 2633 Lectio
1137 2552 1388 2617 sancti
1437 2553 1825 2636 evangelij
1879 2554 2291 2619 secundum
2336 2554 2641 2618 Lucam.

732 2713 810 2778 In
840 2715 951 2780 illo
982 2719 1271 2796 tempore
1302 2713 1608 2795 loquente
1639 2711 1792 2777 Iesu
1825 2712 1908 2777 ad
1953 2714 2181 2779 turbas
2228 2713 2543 2779 extollens
2585 2735 2805 2779 vocem
2839 2715 3121 2797 quedam

554 2821 784 2886 mulier
830 2822 909 2885 de
956 2822 1150 2886 turba
1198 2820 1365 2885 dixit
1395 2821 1524 2885 illi:
1577 2820 1868 2903 „Beatus
1902 2826 2142 2902 venter,
2192 2823 2304 2904 qui
2352 2827 2418 2886 te
2465 2821 2750 2906 portavit
2797 2827 2864 2887 et
2894 2822 3119 2902 ubera,

554 2949 679 3011 que
711 2928 1010 2993 suxisti“.
1087 2928 1179 2991 At
1209 2927 1316 2991 ille
1350 2918 1541 2991 dixit}
1592 2925 1955 3011 „Quinymo
1987 2928 2184 3010 beati,
2233 2929 2343 3010 qui
2393 2929 2667 2993 audiunt
2713 2928 2988 2994 verbum
3024 2928 3119 2994 dei

553 3041 619 3099 et
666 3035 1040 3101 custodiunt
1087 3034 1312 3098 illud“.
1407 3032 1566 3098 Deo
1612 3035 1939 3117 gracias.

828 3300 1302 3384 Sequuntur1
1367 3301 1549 3368 ordo
1616 3308 1694 3366 et
1758 3302 1978 3366 tituli
2056 3301 2531 3367 dominorum
2597 3301 3111 3368 cardinalium

908 3409 1234 3474 ecclesie
1280 3409 1619 3475 Romane
1669 3415 2221 3473 sacrosancte.2

551 3569 630 3634 In
677 3571 938 3634 civitate
985 3569 1283 3634 Romana
1330 3574 1484 3634 sunt
1531 3570 1818 3652 quinque
1857 3568 2147 3650 ecclesie,
2196 3590 2321 3651 que
2353 3570 2749 3652 patriarchie
2788 3569 3107 3648 dicuntur,

731 3683 797 3742 et
843 3682 1023 3741 sunt:

551 3784 849 3849 Ecclesia
898 3783 1106 3847 sancti
1151 3781 1461 3846 Iohannis
1508 3781 2040 3864 Laterannensis,
2090 3804 2215 3864 que
2261 3782 2461 3848 habet
2507 3784 2807 3867 priorem.

548 3891 850 3956 Ecclesia
898 3891 1108 3954 sancti
1153 3888 1364 3969 Petri,
1424 3910 1549 3969 que
1604 3888 1806 3953 habet
1861 3889 2510 3973 archipresbiterum,
2558 3891 2669 3972 qui
2718 3890 2914 3954 debet
2974 3909 3103 3955 esse

728 3997 1100 4062 cardinalis,

549 4105 848 4170 Ecclesia
896 4104 1103 4167 sancti
1150 4101 1361 4182 Pauli,
1413 4122 1539 4183 que
1585 4101 1786 4166 habet
1833 4102 2157 4167 abbatem.

548 4212 845 4276 Ecclesia
893 4215 1114 4273 sancte
1161 4208 1368 4273 Marie
1415 4209 1700 4291 maioriS,
1751 4231 1875 4291 que
1921 4209 2122 4274 habet
2170 4209 2804 4292 archipresbiterum.

551 4318 844 4382 Ecclesia
882 4317 1091 4380 sancti
1136 4302 1480 4398 Laurencij
1530 4315 1929 4397 forismuroS,
1982 4338 2105 4398 que
2150 4315 2352 4380 habet
2397 4315 2723 4380 abbatem.

730 4554 746 4585 ¹
786 4552 1101 4621 Korrigiert
1136 4568 1235 4605 aus
1272 4548 1545 4620 Sequitur.
1785 4548 1806 4580 ²
1843 4550 1951 4603 Die
1989 4548 2302 4602 Aufschrift
2339 4550 2394 4601 in
2436 4549 2553 4603 drei
2590 4548 2749 4604 'l’eile
2786 4549 2982 4619 geteilt
3015 4562 3090 4602 am

547 4645 704 4697 Ende
742 4643 842 4697 der
879 4648 1058 4696 ersten
1096 4641 1180 4695 bis
1219 4641 1419 4693 dritten
1460 4638 1624 4692 Zeile.
