3242 5184
1215 332 1646 394 ..47-

142 507 565 573 manifestam
632 508 858 572 domus
923 514 1136 573 vestre
1202 508 1571 573 utilitatem.
1687 507 1872 590 Quod
1939 511 1993 573 si
2059 510 2269 574 facere
2333 509 2498 576 forte
2560 533 2705 594 pre-

146 617 520 701 sumpserit,
569 638 698 681 non
744 621 1046 680 teneatur
1091 622 1441 680 conventus
1486 637 1604 698 pro
1652 615 1778 698 hijs
1834 616 2245 699 aliquatenus
2290 617 2704 700 respondere.

143 724 434 789 Licitum
474 729 774 807 preterea
807 723 893 786 sit
922 722 1103 787 vobis
1149 723 1217 785 in
1265 723 1480 786 causis
1526 721 1879 805 profanis,1
1926 725 2058 788 sive
2107 724 2358 788 civilem
2404 725 2537 789 sive
2584 725 2704 788 cri-

140 831 457 895 minalem
506 831 881 895 contineant
927 830 1350 912 questionem,
1398 829 1675 893 fratrum
1729 836 2090 894 vestrorum
2143 831 2530 913 testimonijs
2586 832 2704 913 uti,

137 937 262 1002 ne²
327 960 452 1021 pro
518 937 774 1002 defectu
837 938 1103 1000 testium
1166 936 1267 999 ius
1333 942 1619 999 vestrum
1686 936 1902 1001 valeat
1962 937 2031 1000 111
2096 926 2334 1018 61111110
2389 938 2702 1021 deperire.

134 1043 424 1128 Insuper
478 1043 905 1109 auctoritate3
965 1043 1323 1125 apostolica
1374 1042 1770 1125 inhibemuS,
1827 1064 1908 1107 ne
1962 1043 2134 1107 ullus
2201 1045 2539 1129 episcopus
2604 1046 2704 1109 vel

137 1151 438 1233 quelibet
501 1151 632 1215 alia
693 1171 972 1234 persona
1036 1149 1118 1214 ad
1184 1149 1461 1233 synodos
1508 1150 1608 1213 vel
1665 1155 2014 1215 conventus
2070 1149 2358 1215 forenses
2412 1152 2565 1217 vos4
2608 1153 2703 1215 ire

135 1258 237 1322 vel
282 1258 569 1322 iudicio⁵
615 1257 891 1322 seculari
937 1256 1016 1320 de
1063 1261 1279 1319 vestra
1313 1257 1578 1338 propria
1622 1257 1991 1321 substantia
2042 1256 2143 1320 vel
2185 1259 2702 1339 possessionibus

136 1366 373 1428 vestris
442 1363 778 1431 subiacere
839 1361 1187 1446 compellat
1248 1383 1367 1426 nec
1433 1362 1514 1426 ad
1582 1363 1805 1428 domos
1869 1371 2119 1428 vestras
2186 1384 2383 1428 causa
2446 1365 2702 1430 ordines

137 1470 556 1551 celebrandi,
606 1492 836 1535 causas
884 1468 1212 1534 tractandi
1258 1469 1360 1532 vel
1416 1468 1667 1551 aliquos
1725 1476 2074 1535 conventus
2130 1470 2424 1554 publicos
2472 1493 2700 1537 convo-

136 1577 325 1641 candi
374 1578 597 1642 venire
642 1584 976 1660 presumat
1020 1597 1140 1640 nec
1185 1576 1552 1657 regularem
1598 1577 1977 1642 electionem
2035 1577 2293 1641 abbatis
2340 1580 2539 1642 vestri
2583 1580 2701 1642 im-

135 1685 361 1768 pediat
394 1691 512 1749 aut
558 1684 637 1748 de
684 1683 1080 1749 instituendo
1118 1683 1219 1747 vel
1249 1682 1636 1748 removendo
1684 1704 1779 1764 60,
1828 1684 1941 1764 qui
1986 1705 2103 1765 pro
2150 1690 2439 1767 tempore
2485 1684 2700 1769 fuerit,

135 1798 366 1856 contra
433 1797 682 1855 statuta
729 1790 1175 1855 Cisterciensis
1230 1789 1472 1854 ordinis
1529 1811 1598 1854 se
1647 1790 2054 1871 aliquatenus
2110 1792 2520 1867 intromittat.
2633 1792 2701 1859 Si

136 1919 286 1963 vero
336 1899 710 1981 episcopus,
768 1898 833 1960 in
882 1899 1064 1961 cuius
1110 1896 1453 1980 parrochia
1509 1895 1736 1961 domus
1790 1903 2008 1961 vestra
2061 1897 2333 1972 fundata
2387 1905 2505 1980 est,
2555 1921 2701 1963 cum

135 2003 510 2069 humilitate
557 2026 634 2068 ac
680 2005 1044 2086 devotione,
1102 2025 1234 2086 qua
1288 2004 1616 2085 convenit,
1683 2005 2033 2085 requisitus
2099 2005 2524 2069 substitutum
2588 2007 2698 2071 ab·

137 2111 357 2176 batem
404 2111 789 2176 benedicere
822 2118 888 2176 et
919 2111 1068 2192 alia,
1118 2132 1242 2192 que
1281 2110 1364 2174 ad
1403 2109 1686 2176 officium
1719 2111 2084 2193 episcopale
2122 2113 2466 2194 pertinent,
2515 2114 2699 2179 vobis

138 2218 431 2283 conferre
496 2220 820 2300 renuerit,
900 2218 1148 2281 licitum
1217 2219 1303 2281 sit
1367 2216 1574 2281 eidem
1641 2216 1900 2298 abbati,
1978 2218 2033 2281 si
2105 2224 2322 2283 tamen
2397 2220 2697 2285 sacerdos

139 2324 368 2407 fuerit,
455 2328 749 2408 proprios
832 2325 1108 2390 novitios
1189 2322 1570 2388 benedicere
1655 2329 1720 2386 et
1791 2324 1957 2403 alia,
2041 2345 2168 2406 que
2249 2326 2332 2389 ad
2415 2326 2697 2391 officium

140 2452 326 2495 suum
388 2434 754 2514 pertinent,
822 2452 1121 2495 exercere
1186 2437 1253 2494 et
1314 2430 1494 2495 vobis
1561 2430 1780 2493 omnia
1844 2430 1926 2494 ab
1993 2431 2120 2496 alio
2187 2432 2487 2515 episcopo
2553 2455 2695 2517 per-

143 2538 351 2622 cipere
374 2589 392 2620 ,
479 2560 605 2620 que
688 2561 727 2603 a
818 2545 1032 2602 vestro
1126 2537 1368 2601 fuerint
1456 2535 1742 2600 indebite
1849 2536 2184 2620 denegata.
2322 2538 2494 2603 Illud
2587 2541 2697 2605 ad-

139 2645 448 2728 icienteS,
542 2651 616 2708 ut
705 2646 771 2708 in
864 2644 1248 2728 recipiendis
1332 2643 1879 2726 professionibuS,
1973 2666 2098 2727 que
2191 2668 2230 2709 a
2321 2646 2695 2735 be'fnedictis
2734 2657 2853 2711 Fol.
2893 2663 3012 2712 26⁸.

141 2752 236 2815 vel
307 2752 768 2817 benedicendis
839 2750 1190 2815 abbatibus
1266 2750 1679 2833 exhibentur,
1765 2772 1843 2815 ea
1926 2753 2056 2814 sint
2130 2753 2416 2836 episcopi
2489 2754 2697 2818 forma

146 2863 206 2921 et
281 2860 696 2942 expressione
784 2858 1106 2938 contenti,
1185 2878 1308 2938 que
1392 2857 1475 2921 ab
1561 2859 1807 2939 origine
1896 2857 2139 2922 ordinis
2225 2862 2513 2924 noscitur
2599 2863 2696 2925 in-

144 2966 392 3048 stituta,
441 2972 516 3030 ut
562 2965 808 3029 scilicet
854 2963 1126 3028 abbates
1174 2964 1297 3046 ipsi
1354 2964 1677 3047 episcopo,
1727 2965 1903 3029 salvo
1951 2964 2175 3029 ordine
2222 2987 2358 3047 suo,
2406 2965 2696 3049 profiteri

146 3070 424 3136 debeant
476 3078 543 3135 et
607 3077 834 3137 contra
889 3076 1136 3134 statuta
1192 3069 1437 3134 ordinis
1507 3072 1606 3134 sui
1662 3072 1906 3135 nullam
1961 3071 2426 3159 professionem
2483 3071 2696 3137 facere

145 3179 628 3262 compellantur.
722 3178 851 3242 Pro
908 3177 1502 3241 consecrationibus
1559 3199 1710 3243 vero
1768 3178 2071 3242 altarium
2128 3179 2229 3242 vel
2277 3179 2694 3243 ecclesiarum

147 3284 273 3350 sive
326 3309 447 3370 pro
506 3286 647 3351 oleo
694 3290 918 3349 sancto
965 3283 1066 3347 vel
1113 3283 1405 3365 quolibet
1452 3284 1891 3349 ecclesiastico
1940 3291 2344 3349 sacramento
2390 3286 2606 3350 nullus
2656 3308 2695 3349 a

143 3391 318 3456 vobis
387 3393 508 3457 sub
576 3391 846 3456 obtentu
912 3389 1393 3455 consuetudinis
1463 3390 1564 3454 vel
1629 3391 1756 3456 alio
1812 3391 2002 3456 modo
2059 3393 2399 3474 quitquam
2455 3380 2726 3457 audeat

153 3503 566 3583 extorquere,
634 3497 747 3562 sed
802 3496 921 3561 hec
976 3497 1192 3562 omnia
1247 3497 1449 3578 gratis
1506 3497 1687 3561 vobis
1737 3499 2075 3581 episcopus
2125 3499 2522 3582 dyocesanus
2577 3500 2693 3562 im-

147 3605 399 3684 pendat.
496 3605 804 3686 Alioquin
850 3603 1045 3667 liceat
1090 3604 1311 3685 vobis,
1371 3624 1818 3686 quemcunque
1867 3605 2253 3688 malueritiS,
2305 3606 2693 3670 catholicum

151 3709 317 3776 adire
365 3712 726 3777 antistitem
757 3710 1043 3793 graciam
1086 3717 1151 3774 et
1182 3711 1697 3775 communionem
1730 3712 2081 3795 apostolice
2120 3712 2290 3776 sedis
2321 3712 2692 3793 habentem,

151 3818 254 3896 qui
321 3825 548 3885 nostra
620 3818 823 3883 fretus
908 3818 1296 3881 auctoritate
1360 3817 1568 3899 vobiS,
1639 3819 1810 3900 quod
1877 3820 2273 3901 postulatur,
2340 3819 2690 3903 impendat.

153 3918 386 4001 Quodsi
434 3925 617 3988 sedes
668 3924 1085 4007 dyocesani
1134 3925 1520 4007 episcopi⁶
1564 3925 1732 3990 forte
1779 3927 2123 4008 vacaverit,
2173 3927 2432 3989 interim
2479 3928 2694 3991 omnia

155 4030 583 4096 ecclesiastica
630 4037 1037 4096 sacramenta
1093 4053 1132 4094 a
1187 4032 1413 4094 vicinis
1471 4032 1788 4114 episcopis
1846 4034 2138 4116 accipere
2186 4032 2387 4096 libere
2435 4038 2500 4097 et
2545 4032 2692 4110 abs-

157 4153 267 4214 que
320 4138 830 4204 contradictione
885 4138 1177 4220 possitiS,
1229 4139 1320 4200 sic
1376 4145 1592 4202 tamen
1650 4145 1724 4201 ut
1779 4159 1857 4203 ex
1903 4140 2024 4204 hoc
2080 4139 2501 4221 imposterum
2547 4163 2692 4222 pro-

156 4242 298 4324 prijs
359 4246 679 4329 episcopis
727 4243 976 4308 nullum
1023 4243 1449 4327 preiudicium
1495 4251 1857 4325 generetur.
1953 4243 2123 4326 Quia
2168 4267 2319 4311 vero
2365 4245 2691 4310 interdum

318 4423 336 4454 ¹
373 4424 446 4478 So
483 4424 576 4478 fiir
608 4425 859 4494 proprijus.
983 4423 1004 4453 ²
1040 4423 1202 4477 Korr.
1230 4440 1329 4477 aus
1354 4441 1479 4478 non.
1597 4423 1618 4454 ³
1656 4423 1813 4478 Nach
1838 4426 2163 4478 auctoritate
2201 4426 2272 4478 ist
2307 4430 2494 4478 nostra
2519 4425 2693 4478 durch

157 4500 589 4567 Unterstreichen
614 4515 715 4566 mit
740 4514 1029 4568 derselben
1055 4512 1220 4567 Tinte
1246 4512 1445 4582 getilgt
1470 4513 1583 4565 und
1607 4519 1695 4566 rot
1721 4512 2221 4582 durchgestrichen.
2331 4513 2354 4543 ⁴
2372 4513 2495 4566 Auf
2513 4513 2694 4567 Rasur

160 4607 256 4647 von
290 4601 576 4656 derselben
612 4602 794 4657 Tinte.
941 4603 962 4633 ⁵
999 4604 1078 4655 irc
1116 4604 1172 4655 in
1210 4604 1414 4656 iudicio
1451 4619 1560 4655 von
1598 4601 1831 4653 andercr
1868 4601 2035 4655 Hand
2074 4602 2176 4655 auf
2206 4603 2401 4656 Rasur.
2463 4603 2692 4656 Anstatt

160 4680 211 4734 in
247 4686 369 4743 muss
404 4708 462 4745 es
496 4691 588 4746 vel
622 4687 833 4745 heissen.
1003 4692 1026 4722 ⁶
1067 4693 1362 4762 dyocesani
1398 4692 1643 4760 episcopi
1678 4696 1766 4744 rot
1799 4690 2225 4760 nachgetragen.
