3242 5184
1278 298 1768 359 -165—

516 544 858 610 Rubrica
903 545 991 611 de
1039 546 1328 612 salario
1376 549 1854 613 notariorum
1900 547 2184 632 palatij
2237 548 2711 632 apostolici.l

428 705 728 770 Ceterum
760 707 916 789 quia
946 713 1130 791 optat
1159 710 1478 791 premium
1525 709 1801 791 quisque
1846 708 2033 773 labor
2078 714 2144 773 et
2188 708 2511 774 laboranti
2541 731 2670 774 non
2704 717 2802 775 est

241 812 466 878 debite
513 813 826 878 mercedis
874 814 1183 879 exhibitio
1240 815 1637 898 deneganda,
1693 814 2132 879 moderamine
2187 814 2641 880 nichilominus
2690 816 2800 881 ob-

241 926 524 1001 servatO,
558 942 640 985 ne
688 923 1068 1004 sanguinem
1115 922 1349 987 eliceat
1392 923 1654 986 nimitas
1698 923 2169 1005 em11ngentis2‚
2220 921 2639 1004 subsequitur
2683 946 2800 1007 pro

238 1033 491 1092 statuto
552 1033 618 1091 et
676 1026 1087 1093 ordinacione
1141 1029 1513 1093 huiusmodi
1568 1035 1784 1093 certus
1839 1028 2069 1093 modus
2126 1029 2530 1094 rationabilis
2588 1036 2653 1095 et
2707 1030 2800 1095 di-

239 1140 496 1198 scretus
517 1184 532 1215 ,
601 1155 716 1217 per
770 1155 961 1216 quem
1026 1135 1333 1218 predictis
1390 1136 1661 1219 notarijs
1717 1157 1833 1218 pro
1892 1156 2113 1200 eorum
2170 1135 2406 1201 salario
2465 1136 2803 1202 moderata

237 1240 605 1306 satisfactio
643 1241 992 1324 prebeatur
1024 1249 1089 1307 et
1132 1243 1483 1325 litiganteS,
1532 1244 1646 1326 qui
1689 1244 2046 1326 litigiorum
2092 1244 2506 1308 involvuntur
2550 1243 2799 1315 anfrac-

234 1348 460 1414 tibus3
508 1354 574 1414 et
618 1349 1000 1432 plerumque
1032 1348 1388 1432 fatigantur
1422 1350 1758 1416 laboribus
1807 1350 2151 1432 diuturniS,
2186 1349 2530 1434 superfluis
2564 1356 2799 1435 expe'n-

235 1478 468 1521 sarum
515 1454 935 1521 effusionibus
983 1478 1111 1521 non
1159 1462 1526 1540 graventur.

423 1561 615 1644 Quod
670 1563 970 1629 videlicet
1021 1565 1297 1648 predicti
1353 1566 1585 1648 notarij
1645 1587 1762 1648 pro
1809 1565 1986 1648 petia
2030 1566 2304 1647 regestri
2350 1585 2548 1628 unum
2597 1564 2799 1629 'Puro-

232 1692 515 1736 nensem
547 1672 799 1753 argenti
831 1692 975 1735 cum
1011 1671 1276 1736 dimidio
1325 1678 1390 1736 et
1433 1693 1563 1736 non
1597 1673 1742 1755 plus
1775 1671 2079 1751 habeant,
2127 1676 2194 1735 et
2223 1671 2400 1755 petia
2430 1671 2802 1737 huiusmodi

231 1778 473 1861 viginti
520 1798 633 1842 sex
679 1777 883 1842 lineas
932 1799 1010 1842 ex
1058 1784 1335 1861 utraque
1380 1784 1566 1862 parte
1614 1780 1961 1844 contineat.
2041 1776 2129 1842 Et
2159 1777 2449 1861 quelibet
2479 1778 2801 1844 dictarum

231 1883 564 1949 linearum
610 1885 1100 1966 quatuordecim
1146 1886 1386 1951 habeat
1431 1886 1766 1951 dictiones.
2506 1913 2509 1916 ⁴

422 1990 590 2056 Item
639 1992 813 2074 quod
858 2013 975 2076 pro
1023 1994 1200 2077 petia
1246 1994 1517 2076 regestri
1571 1992 1839 2058 redacta
1894 1994 1961 2057 in
2008 1992 2283 2057 formam
2327 1992 2655 2076 publicam
2700 2015 2799 2058 re-

232 2099 542 2182 ceptione
625 2101 815 2164 unius
905 2099 1301 2166 Turonensis
1375 2102 1628 2183 argenti
1719 2121 1866 2164 cum
1956 2098 2221 2164 dimidio
2298 2099 2596 2165 similiter
2671 2100 2802 2166 sint

231 2208 551 2271 contenti.

422 2313 590 2378 Item
639 2314 813 2396 quod
858 2336 975 2398 pro
1024 2316 1230 2399 copia,
1280 2317 1414 2381 sive
1459 2318 1526 2379 in
1574 2316 1858 2399 copiario
1907 2314 2040 2378 sive
2085 2314 2151 2377 in
2202 2320 2519 2396 quaterno
2568 2314 2701 2379 sive
2732 2315 2801 2378 in

228 2421 437 2504 petijs
484 2420 696 2504 longis
741 2420 922 2502 fiant,
971 2422 1052 2487 de
1096 2421 1250 2487 folio
1300 2424 1432 2488 sive
1477 2422 1655 2507 petia
1685 2421 1958 2504 regestri
2005 2442 2204 2485 unum
2236 2427 2490 2485 tantum
2523 2420 2799 2485 similem

229 2528 564 2611 recipiant
609 2528 1072 2594 Turonensem.

422 2633 590 2699 Item
655 2636 828 2717 quod
894 2658 1010 2719 pro
1077 2638 1387 2707 citatione,
1445 2638 1511 2700 in
1574 2635 1905 2700 audientia
1969 2633 2232 2717 publica
2290 2634 2565 2718 legenda
2627 2636 2802 2728 ultra

231 2741 529 2806 medium
577 2744 852 2808 similem
898 2742 1341 2808 Turonensem
1388 2743 1546 2826 ipsis
1593 2744 1879 2827 recipere
1924 2743 2174 2807 licitum
2220 2764 2348 2806 non
2398 2742 2652 2807 existat.
2749 2823 2760 2837 ὁ

406 2848 589 2939 'Item
637 2850 809 2932 quod
857 2873 973 2934 pro
1018 2850 1424 2932 inhibitione,
1473 2872 1601 2932 que
1647 2850 1715 2914 in
1762 2850 1973 2914 causis
2020 2848 2162 2913 fieri
2209 2847 2479 2930 assolet,
2530 2851 2584 2913 si
2630 2849 2814 2935 redi-v

226 2962 434 3040 gatur
487 2958 553 3020 in
599 2957 932 3040 publicum
978 2957 1499 3038 instrumentum,
1562 2978 1678 3022 sex
1735 2956 1977 3021 similes
2024 2955 2433 3021 Turonenses
2481 2956 2800 3040 recipiant

230 3071 308 3129 et
358 3085 484 3127 non
532 3063 722 3128 ultra.

419 3168 585 3235 Item
633 3170 805 3252 quod
851 3194 967 3254 pro
1023 3173 1447 3252 intimatione,
1498 3192 1645 3236 cum
1692 3172 1758 3234 in
1800 3169 2136 3258 ⁴publicum
2184 3168 2515 3252 redigatur
2559 3170 2794 3233 instru-

227 3282 550 3358 mentum,
598 3299 727 3342 non
775 3278 1050 3362 amplius
1097 3300 1293 3361 quam
1341 3284 1621 3360 quatuor
1668 3277 1908 3341 similes
1956 3277 2215 3341 valeant
2258 3277 2545 3360 recipere
2591 3275 2794 3342 Turo-

226 3405 492 3449 nenses,

417 3490 584 3555 Item
643 3492 817 3575 quod
870 3515 986 3576 pro
1051 3493 1514 3576 appellatione,
1572 3493 1628 3555 si
1686 3490 2018 3573 redigatur
2063 3490 2130 3553 in
2175 3489 2508 3573 publicum
2554 3490 2793 3554 instru-

228 3605 550 3680 mentum,
603 3604 627 3683 ΙΙ
680 3600 760 3664 de
791 3602 968 3683 petia
997 3600 1272 3683 regestri
1304 3597 1466 3664 duos
1506 3598 1846 3663 dumtaxat
1875 3596 2287 3662 Turonenses
2320 3597 2611 3680 recipere
2656 3596 2792 3661 lici·
2833 3596 2952 3651 Fol.
2992 3595 3112 3650 85¹³·

224 3714 377 3770 tum
424 3707 511 3770 sit
555 3705 816 3772 eisdem.

416 3811 621 3877 Item4
667 3813 841 3896 quod
886 3835 1002 3897 pro
1051 3813 1577 3878 attestationibus
1624 3813 1929 3894 testium,
1978 3833 2139 3894 quos
2188 3813 2463 3893 quisque
2508 3811 2790 3875 notario-

227 3941 381 3985 rum
416 3922 880 3985 examinaverit
909 3921 1329 4004 prefatorum,
1365 3921 1444 3985 de
1492 3921 1669 4004 petia
1714 3920 1986 4003 regestri
2033 3918 2468 4002 receptionem
2510 3917 2790 4014 ‘duorum

296 4193 303 4197 ,
418 4135 434 4165 ¹
474 4135 582 4188 Am
622 4136 777 4191 Ende
816 4137 912 4191 des
948 4136 1412 4206 vorangehenden
1440 4135 1811 4189 Abschnittes.
1951 4136 1970 4165 ²
2010 4133 2123 4189 Vor
2158 4135 2339 4204 gentis
2376 4132 2550 4187 durch
2579 4131 2790 4186 Dutch—

230 4222 506 4278 streichen
545 4226 620 4277 im
657 4225 872 4296 getilgt.
1037 4225 1060 4255 ⁸
1096 4243 1167 4279 an
1205 4224 1349 4280 korr.
1389 4242 1489 4279 aus
1526 4242 1613 4279 an.
1771 4224 1793 4255 4
1833 4223 1956 4278 Von
1992 4223 2226 4277 anderer
2262 4221 2432 4276 Hand
2468 4240 2557 4276 am
2597 4222 2792 4277 Raude

231 4311 407 4366 links:
465 4312 653 4367 Hanc
700 4316 904 4369 etiam
957 4315 1517 4368 constitutionem
1554 4315 2027 4368 sanctissimus
2064 4312 2375 4366 dominus
2412 4317 2641 4366 noster
2678 4312 2789 4366 do—

233 4403 458 4455 minus
495 4402 808 4458 Urbanus
846 4421 1021 4472 papa
1057 4403 1155 4457 VI.
1195 4403 1413 4458 voluit
1452 4408 1513 4456 et
1552 4403 1902 4457 mandavit
1940 4401 2295 4455 observari
2333 4400 2516 4454 circa
2562 4417 2790 4468 recep-

231 4492 484 4544 tionem
525 4498 589 4544 ct
627 4495 1204 4561 examinationem,
1245 4494 1542 4559 testium,
1595 4493 1710 4561 qui
1756 4491 2184 4558 recipiuntur
2221 4495 2285 4544 et
2321 4490 2792 4544 examinantur

231 4583 297 4634 in
349 4578 553 4634 factis
604 4581 1013 4636 electionum
1062 4582 1498 4640 ecclesiarum
1545 4579 2042 4640 cathedralium
2092 4585 2155 4634 et
2200 4579 2629 4635 abbatiarum
2675 4595 2793 4649 per

232 4686 706 4748 quoscumque.
