3242 5184
1212 287 1638 348 -15.-

152 470 221 526 et
266 464 397 527 sine
453 463 595 545 ipso
642 461 886 526 factum
933 468 1034 527 est
1078 462 1304 543 nichil,
1354 461 1527 544 quod
1571 461 1819 526 factum
1865 466 1982 525 est.
2075 460 2155 525 In
2200 462 2340 544 ipso
2387 463 2522 526 vita
2569 471 2710 527 erat

156 574 221 633 et
265 570 395 633 vita
440 574 585 633 erat
626 568 740 632 lux
785 569 1136 633 hominum.
1230 568 1320 632 Et
1363 568 1475 631 lux
1520 569 1589 631 in
1620 567 1919 632 ⁴tenebris
1966 567 2140 632 lucet
2170 573 2236 631 et
2266 567 2532 633 tenebre
2565 589 2710 635 eam

155 696 281 740 non
340 675 982 759 comprehenderunt.
1095 674 1253 739 Fuit
1306 675 1498 740 homo
1556 675 1793 739 missus
1842 695 1881 738 a
1928 674 2076 756 de0,
2138 675 2242 739 cui
2287 695 2522 740 nomen
2568 681 2711 740 erat

154 781 494 847 lohannes.
562 783 716 847 -Hic
760 783 937 847 venit
980 783 1047 846 in
1096 782 1557 864 testimonium,
1606 788 1683 846 ut
1726 782 2168 846 testimonium
2213 781 2587 865 perhiberet
2630 783 2710 846 de

156 888 422 972 lumine,
486 895 561 953 ut
607 912 828 955 omnes
877 888 1216 971 crederent
1260 910 1377 972 per
1421 888 1626 953 illum.
1737 888 1882 953 Non
1928 894 2072 953 erat
2115 888 2224 952 ille
2271 888 2413 971 lux,
2481 889 2592 953 sed
2640 894 2713 953 ut

159 997 596 1061 testimonium
649 996 1023 1080 perhiberet
1076 995 1155 1060 de
1210 996 1473 1061 lumine.
1584 995 1751 1060 Erat
1803 994 1916 1059 lux
1972 1016 2154 1077 vera,
2219 1015 2343 1077 que
2389 995 2715 1061 illuminat

160 1124 408 1167 omnem
466 1103 793 1168 hominem
840 1105 1201 1169 venientem
1246 1105 1315 1167 in
1360 1102 1531 1167 hunc
1576 1102 1908 1167 mundum.
2011 1102 2091 1166 In
2146 1101 2384 1168 mundo
2440 1109 2583 1169 erat
2649 1109 2715 1166 et

159 1210 434 1275 mundus
466 1231 584 1294 per
615 1213 762 1275 eum
794 1209 1004 1275 factus
1038 1215 1139 1274 est
1177 1215 1244 1274 et
1280 1208 1559 1275 mundus
1592 1230 1739 1274 eum
1768 1231 1899 1275 non
1938 1210 2254 1291 cognovit.
2341 1209 2420 1273 In
2451 1210 2715 1294 propria

158 1318 332 1381 venit
378 1323 444 1381 et
488 1318 591 1381 sui
638 1337 785 1381 eum
831 1338 961 1382 non
1005 1321 1406 1400 receperunt.
1502 1313 1838 1398 Quotquot
1878 1322 2096 1380 autem
2127 1323 2514 1399 receperunt
2545 1338 2711 1398 eum,

157 1423 336 1487 dedit
380 1424 475 1489 eis
521 1429 912 1508 potestatem
958 1422 1127 1490 filios
1177 1423 1280 1489 dei
1310 1422 1470 1505 fieri,
1509 1423 1658 1506 hijs,
1708 1424 1821 1506 qui
1863 1422 2135 1487 credunt
2164 1423 2231 1486 in
2263 1424 2522 1489 nomine
2555 1425 2713 1505 eius,

151 1531 269 1612 -qui
315 1552 443 1595 non
486 1551 566 1595 ex
607 1530 1031 1613 sanguinibus
1060 1551 1271 1613 neque
1303 1551 1382 1595 ex
1412 1529 1745 1595 voluntate
1786 1530 1997 1593 carnis
2030 1550 2240 1611 neque
2274 1551 2352 1593 ex
2384 1528 2715 1594 voluntate

157 1637 277 1700 viri
324 1637 443 1701 sed
488 1658 568 1702 ex
616 1636 735 1702 deo
782 1637 921 1701 nati
968 1643 1138 1701 sunt.
1232 1636 1322 1700 Et
1365 1636 1634 1701 verbum
1681 1656 1833 1701 caro
1880 1634 2122 1700 factum
2169 1641 2270 1700 est
2302 1642 2369 1700 et
2396 1635 2717 1700 habitavit

157 1743 222 1807 in
276 1743 468 1808 nobis
524 1750 590 1808 et
647 1743 924 1808 vidimus
979 1744 1253 1826 gloriam
1301 1744 1459 1824 eim,
1507 1742 1781 1825 gloriam
1828 1743 2016 1825 quasi
2061 1743 2378 1825 unigeniti
2424 1763 2465 1807 a
2509 1747 2715 1825 patre,

159 1849 424 1933 plenum
469 1852 685 1934 gracie
732 1856 799 1915 et
842 1851 1155 1914 veritatis,

431 2081 858 2147 Secundum
904 2081 1210 2148 Lucam.

338 2222 420 2289 In
465 2224 577 2290 illo
624 2230 914 2308 tempore
960 2229 1307 2307 postquam
1355 2223 1717 2287 consumati
1765 2229 1917 2286 sunt
1963 2221 2100 2286 dies
2134 2228 2297 2305 octo,
2346 2229 2419 2286 ut
2451 2223 2719 2287 circum-

165 2331 487 2396 cideretur
532 2352 713 2415 puer,
760 2337 1059 2396 vocatum
1107 2337 1207 2395 est
1249 2351 1483 2395 nomen
1530 2330 1669 2394 eius
1716 2328 1921 2411 IesuS,
1972 2329 2145 2412 quod
2175 2337 2474 2395 vocatum
2508 2336 2607 2394 est
2638 2330 2720 2394 ab

165 2439 413 2522 angelo,
462 2420 839 2522 priusquam
884 2438 951 2501 in
997 2443 1183 2502 utero
1231 2437 1697 2520 conciperetur.

434 2669 702 2734 Lectio
750 2670 1008 2733 sancti
1056 2668 1445 2753 evangelij
1500 2669 1916 2732 secundum
1961 2667 2378 2736 Matheum.

341 2811 505 2876 Cum
570 2818 761 2876 natus
817 2818 990 2876 esset
1042 2810 1227 2875 Iesus
1281 2811 1350 2874 in
1393 2810 1771 2875 Beethleem
1825 2810 1986 2874 Iude
2044 2811 2112 2875 in
2173 2811 2398 2876 diebus
2445 2810 2723 2876 Herodis

167 2920 356 3000 regis,
409 2939 556 2982 ecce
586 2919 761 3000 magi
792 2918 876 2982 ab
909 2918 1156 2983 oriente
1187 2924 1502 2982 venerunt
1530 2917 1979 2982 Ierosolimam
2013 2917 2332 2982 dicentes:
2384 2918 2558 3000 „Ubi
2605 2925 2722 3000 est,

169 3025 280 3106 qui
325 3030 522 3088 natus
570 3030 670 3089 est
704 3045 820 3088 rex
850 3023 1242 3093 Iudeorum‘?
1318 3023 1616 3088 Vidimus
1665 3025 1837 3088 enim
1884 3023 2141 3089 stellam
2187 3026 2324 3089 eius
2370 3026 2438 3088 in
2478 3025 2725 3089 oriente

166 3136 232 3194 et
283 3132 577 3195 venimus
625 3132 898 3196 adorare
955 3138 1166 3196 eum“.
1278 3131 1568 3195 Audiens
1630 3136 1848 3194 autem
1902 3131 2197 3197 Herodes
2253 3154 2368 3196 rex
2422 3132 2726 3196 turbatus

167 3243 266 3302 est
320 3245 389 3302 et
447 3239 652 3303 omnis
698 3237 1078 3304 Ierosolima
1133 3260 1279 3303 cum
1334 3239 1467 3304 illo.
1556 3243 1647 3303 Et
1692 3259 2089 3321 congregans
2137 3259 2357 3304 omnes
2404 3239 2727 3323 principes

169 3344 578 3409 sacerdotum
644 3351 709 3409 et
773 3345 1018 3409 scribas
1082 3345 1304 3429 populi
1370 3344 1855 3425 sciscitabatur,
1924 3345 2007 3409 ab
2075 3346 2195 3427 eiS‚
2263 3345 2378 3410 ubi
2432 3344 2726 3410 Christus

167 3456 564 3516 nasceretur.
671 3453 763 3517 At
835 3452 931 3516 ilh'
989 3451 1293 3516 dixerunt
1355 3452 1441 3516 ei:
1513 3451 1634 3533 „In
1698 3450 2028 3516 Beetleem
2092 3451 2272 3517 Iude.
2386 3451 2493 3517 Sic
2558 3453 2727 3515 enim

171 3558 482 3640 scriptum
528 3564 629 3622 est
672 3579 788 3642 per
823 3557 1233 3641 prophetam:
1282 3559 1373 3623 Et
1401 3565 1474 3622 tu
1503 3558 1881 3623 Beethleem
1911 3563 2089 3622 terra
2118 3557 2286 3623 Iuda
2317 3579 2729 3640 nequaquam

171 3663 437 3728 minima
491 3685 560 3728 es
619 3665 688 3728 in
741 3665 1140 3748 principibus
1187 3665 1373 3730 Iuda.
1483 3664 1586 3728 Ex
1643 3670 1707 3728 te
1754 3665 1924 3728 enim
1973 3666 2144 3729 exiet
2191 3665 2338 3746 dux,
2387 3666 2500 3747 qui
2545 3669 2731 3746 regat

172 3771 479 3853 populum
509 3791 726 3836 meum
757 3771 1029 3836 Israel“.
1108 3772 1290 3837 Tunc
1321 3771 1618 3837 Herodes
1653 3771 1821 3835 clam
1867 3771 2113 3836 vocatis
2146 3774 2353 3854 magis
2387 3771 2731 3853 diligenter

176 3874 401 3941 didicit
456 3877 539 3942 ab
600 3879 694 3943 eis
740 3884 994 3961 tempus
1042 3878 1246 3961 stelle,
1295 3901 1421 3962 que
1467 3879 1774 3962 apparuit
1820 3879 1934 3942 eis,
1973 3878 1994 3964 ΙΙ
2027 3877 2118 3942 Et
2163 3879 2424 3943 mittens
2471 3878 2617 3942 illos
2663 3878 2730 3940 in
2767 3883 2885 3939 Fol.
2927 3885 3010 3939 sb.

174 3978 544 4046 Beethleem
606 3984 798 4049 dixit:
859 3984 1002 4067 „Ite
1061 3991 1127 4049 et
1183 3987 1577 4069 interrogate
1635 3985 1979 4068 diligenter
2035 3983 2113 4049 de
2174 4006 2406 4068 puero,
2474 3990 2540 4048 et
2585 4006 2730 4048 cum

175 4086 563 4174 inveneritis,
611 4092 989 4156 renunciate
1034 4092 1250 4175 michi,
1307 4098 1381 4156 ut
1427 4099 1493 4156 et
1539 4113 1656 4175 ego
1703 4091 1964 4156 veniens
2012 4091 2276 4157 adorem
2313 4098 2524 4156 eum“.
2603 4088 2731 4172 Qui

179 4214 317 4259 cum
371 4196 708 4263 audissent
761 4219 1008 4282 regem,
1067 4199 1387 4264 abierunt.
1480 4199 1572 4263 Et
1617 4219 1765 4262 ecce
1814 4197 2022 4279 stella,
2072 4219 2269 4280 quam
2315 4199 2618 4262 viderunt
2663 4198 2729 4260 in

179 4302 437 4386 oriente,
487 4304 914 4370 antecedebat
958 4326 1088 4388 eOS,
1138 4327 1343 4388 usque
1392 4305 1542 4370 dum
1587 4305 1853 4368 veniens
1900 4311 2107 4369 staret
2153 4327 2369 4388 supra,
2429 4305 2542 4369 ubi
2589 4310 2730 4369 erat

180 4427 348 4487 puer.
448 4409 761 4476 Videntes
831 4419 1050 4477 autem
1115 4412 1371 4478 stellam
1436 4412 1643 4494 gavisi
1707 4416 1862 4475 sunt
1923 4411 2160 4494 gaudio
2221 4432 2455 4493 magno
2518 4410 2722 4475 valde.

179 4514 262 4577 Et
314 4517 632 4583 intrantes
693 4518 954 4584 domum
1010 4521 1397 4583 invenerunt
1453 4539 1726 4601 puerum
1783 4539 1930 4582 cum
1975 4517 2223 4600 Maria,
2290 4524 2498 4581 matre
2565 4518 2723 4597 eiuS‚

184 4626 244 4682 et
301 4625 704 4705 procidentes
771 4625 1203 4689 adoraverunt
1269 4646 1434 4690 eum.
1542 4626 1633 4691 Et
1706 4625 1948 4708 apertis
2018 4624 2343 4689 thesauris
2411 4625 2545 4688 suis
2617 4623 2728 4689 ob-
